bond_id,bond_nm,stock_id,stock_nm,btype,convert_price,convert_price_valid_from,convert_dt,maturity_dt,next_put_dt,put_dt,put_notes,put_price,put_inc_cpn_fl,put_convert_price_ratio,put_count_days,put_total_days,put_real_days,repo_discount_rt,repo_valid_from,repo_valid_to,turnover_rt,redeem_price,redeem_inc_cpn_fl,redeem_price_ratio,redeem_count_days,redeem_total_days,redeem_real_days,redeem_dt,redeem_flag,orig_iss_amt,curr_iss_amt,rating_cd,issuer_rating_cd,guarantor,ssc_dt,esc_dt,sc_notes,market_cd,force_redeem,real_force_redeem_price,convert_cd,repo_cd,ration,ration_cd,apply_cd,online_offline_ratio,qflag,qflag2,ration_rt,fund_rt,margin_flg,lt_bps,pb,pb_flag,total_shares,float_shares,sqflg,sprice,svolume,sincrease_rt,qstatus,bond_value,bond_value2,volatility_rate,last_time,convert_value,premium_rt,year_left,ytm_rt,ytm_rt_tax,price,full_price,increase_rt,volume,convert_price_valid,adj_scnt,adj_cnt,redeem_icon,ref_yield_info,adjust_tip,adjusted,option_tip,bond_value3,left_put_year,short_maturity_dt,dblow,force_redeem_price,put_convert_price,convert_amt_ratio,convert_amt_ratio2,convert_amt_ratio_tips,stock_net_value,stock_cd,pre_bond_id,repo_valid,convert_cd_tip,price_tips
127057,盘龙转债,sz002864,盘龙药业,C,26.59,,2022-09-09,2028-03-02,2026-03-02,,,100.000,y,46.91,30,30,0,0.00,,,,115.000,n,130.000,15,30,0,,X,2.760,2.760,A+,A+,公司实际控制人谢晓林提供保证担保,,,,szmb,,,未到转股期,127057,3.2264,082864,072864,,N,N,80.320,-,,,4.46,N,86670000.0,55299863.0,Y,39.68,1015.81,10.01%,00,buy,buy,buy,,149.23,-32.99%,5.953,3.40%,2.75%,100.000,100.000,0.00%,0.00,Y,0,0,,-,,N,-,buy,-,28-03-02,67.01,34.57,18.61,12.6%,8.0%,"转债占流动市值比：12.6%
转债占总市值比：8.0%",0.00,002864,sz127057,有效期：-；质押代码：127057,未到转股期；2022-09-09 开始转股,待上市
123140,天地转债,sz300743,天地数码,C,12.47,,2022-09-19,2028-03-13,2026-03-16,,,100.000,y,61.78,30,30,0,0.00,,,,112.000,n,130.000,15,30,0,,X,1.720,1.720,A,A,无,,,,szcy,,,未到转股期,123140,1.2446,380743,370743,,N,N,59.400,-,,,5.12,N,138190126.0,98171508.0,Y,14.13,16854.94,1.95%,00,buy,buy,buy,,113.31,-11.75%,5.984,2.93%,2.36%,100.000,100.000,0.00%,0.00,Y,0,0,,-,,N,-,buy,-,28-03-13,88.25,16.21,8.73,12.4%,8.8%,"转债占流动市值比：12.4%
转债占总市值比：8.8%",0.00,300743,sz123140,有效期：-；质押代码：123140,未到转股期；2022-09-19 开始转股,待上市
113642,上22转债,sh603185,上机数控,C,145.66,,2022-09-07,2028-02-29,2026-03-02,,,100.000,y,63.86,30,30,0,0.00,,,,112.000,n,130.000,15,30,0,,X,24.700,24.700,AA-,AA-,无,,,,shmb,,,未到转股期,113642,8.9740,753185,754185,,N,N,84.690,-,R,,6.16,N,275225954.0,273363914.0,Y,159.66,68422.33,-1.61%,00,buy,buy,buy,,109.61,-8.77%,5.948,2.74%,2.21%,100.000,100.000,0.00%,0.00,Y,0,0,,-,,N,-,buy,-,28-02-29,91.23,189.36,101.96,5.7%,5.6%,"转债占流动市值比：5.7%
转债占总市值比：5.6%",0.00,603185,sh113642,有效期：-；质押代码：113642,未到转股期；2022-09-07 开始转股,待上市
123139,铂科转债,sz300811,铂科新材,C,76.50,,2022-09-19,2028-03-10,2026-03-10,,,100.000,y,66.70,30,30,0,0.00,,,,115.000,n,130.000,15,30,0,,X,4.300,4.300,A+,A+,无,,,,szcy,,,未到转股期,123139,4.1473,380811,370811,,N,N,77.580,-,,,8.85,N,103680000.0,50477976.0,Y,80.29,3825.05,0.36%,00,buy,buy,buy,,104.95,-4.72%,5.975,3.38%,2.74%,100.000,100.000,0.00%,0.00,Y,0,0,,-,,N,-,buy,-,28-03-10,95.28,99.45,53.55,10.6%,5.2%,"转债占流动市值比：10.6%
转债占总市值比：5.2%",0.00,300811,sz123139,有效期：-；质押代码：123139,未到转股期；2022-09-19 开始转股,待上市
123024,岱勒转债,sz300700,岱勒新材,C,14.10,2021-06-01,2019-09-27,2024-03-21,2022-03-21,,,100.000,y,51.87,30,30,0,0.00,,,1190.00,110.000,n,130.000,15,30,21,2022-03-21,Y,2.100,0.408,A+,A+,无担保,,,,szcy,"最后交易日：2022年3月21日
最后转股日：2022年3月21日
赎回价：100.004元/张",100.004,123024,123024,2.5485,380700,370700,,N,N,55.940,buy,,,4.28,N,116276488.0,86251820.0,Y,19.03,16788.18,4.68%,00,buy,buy,buy,13:23:51,134.96,-0.89%,2.000,-8.75%,-9.70%,133.762,133.762,4.75%,67723.04,Y,1,1,R,-,,N,-,buy,-,24-03-21,132.87,18.33,9.87,2.5%,1.8%,"转债占流动市值比：2.5%
转债占总市值比：1.8%",0.00,300700,sz123024,有效期：-；质押代码：123024,123024；2019-09-27 开始转股,全价：133.762 最后更新：13:23:51
118002,天合转债,sh688599,天合光能,C,50.40,2022-02-21,2022-02-21,2027-08-12,2025-08-12,,,100.000,y,51.80,30,30,0,0.00,,,18.63,115.000,n,130.000,15,30,17,,Y,52.520,31.297,AA,AA,无,,,,shkc,,,118002,118002,2.5400,726599,718599,,N,N,63.350,buy,R,,8.62,N,2073748929.0,1219376407.0,Y,68.11,99880.46,-0.84%,00,buy,buy,buy,13:23:51,135.14,-0.12%,5.397,-2.18%,-2.79%,134.980,134.980,-0.03%,79774.64,Y,0,0,O,-,,N,-,buy,-,27-08-12,134.86,65.52,35.28,3.8%,2.2%,"转债占流动市值比：3.8%
转债占总市值比：2.2%",0.00,688599,sh118002,有效期：-；质押代码：118002,118002；2022-02-21 开始转股,全价：134.980 最后更新：13:23:51
123070,鹏辉转债,sz300438,鹏辉能源,C,20.08,2021-08-17,2021-04-26,2026-10-19,2024-10-21,,,100.000,y,25.72,30,30,0,0.00,,,72.24,110.000,n,130.000,20,30,0,,N,8.900,5.986,AA,AA,无担保,,,,szcy,2022年2月7日公告：本次（2022年1月1日至2022年2月7日）不提前赎回，至2022年3月31日均不提前赎回,,123070,123070,2.1380,380438,370438,,N,N,72.570,buy,,,8.93,N,433497356.0,329639518.0,Y,54.65,72677.31,0.50%,00,buy,buy,buy,13:23:51,272.16,0.05%,4.584,-17.41%,-17.84%,272.304,272.304,0.58%,119560.66,Y,0,0,G,-,,N,-,buy,-,26-10-19,272.35,26.10,14.06,3.3%,2.5%,"转债占流动市值比：3.3%
转债占总市值比：2.5%",0.00,300438,sz123070,有效期：-；质押代码：123070,123070；2021-04-26 开始转股,全价：272.304 最后更新：13:23:51
113585,寿仙转债,sh603896,寿仙谷,C,28.38,2021-06-30,2020-12-15,2026-06-08,2024-06-10,,,100.000,y,38.17,30,30,0,0.00,,,37.03,112.000,n,130.000,15,30,14,,X,3.600,1.003,AA-,AA-,连带责任保证,,,,shmb,,,113585,113585,2.5080,753896,754896,,N,N,82.309,buy,,,5.26,N,152498417.0,152498417.0,Y,52.04,4577.93,2.04%,00,buy,buy,buy,13:23:50,183.37,0.27%,4.219,-10.30%,-10.91%,183.870,183.870,1.04%,6888.53,Y,0,0,,-,,N,-,buy,-,26-06-08,184.14,36.89,19.87,1.3%,1.3%,"转债占流动市值比：1.3%
转债占总市值比：1.3%",0.00,603896,sh113585,有效期：-；质押代码：113585,113585；2020-12-15 开始转股,全价：183.870 最后更新：13:23:50
128106,华统转债,sz002840,华统股份,C,9.37,2021-06-30,2020-10-16,2026-04-09,2024-04-09,,,100.000,y,38.97,30,30,0,0.00,,,47.39,108.000,n,130.000,15,30,0,,N,5.500,3.552,AA,AA,连带责任保证,,,,szmb,2021年12月25日公告：本次（2021年12月6日至2021年12月24日）不提前赎回，至2022年6月26日均不提前赎回,,128106,128106,1.9826,082840,072840,,N,N,67.140,buy,,,4.42,N,456240764.0,444778364.0,Y,16.83,9163.21,1.57%,00,buy,buy,buy,13:23:51,179.62,0.52%,4.055,-11.14%,-11.61%,180.561,180.561,-1.16%,30989.61,Y,0,0,G,-,,N,-,buy,-,26-04-09,181.08,12.18,6.56,4.7%,4.6%,"转债占流动市值比：4.7%
转债占总市值比：4.6%",0.00,002840,sz128106,有效期：-；质押代码：128106,128106；2020-10-16 开始转股,全价：180.561 最后更新：13:23:51
128107,交科转债,sz002061,浙江交科,C,5.24,2021-07-13,2020-10-28,2026-04-22,2024-04-22,,,100.000,y,49.90,30,30,0,0.00,,,62.42,110.000,n,130.000,15,30,7,,X,25.000,18.762,AA+,AA+,无担保,,,,szmb,,,128107,128107,1.8173,082061,072061,,N,N,83.390,buy,,,1.20,N,1494610790.0,1494610790.0,Y,7.35,22976.69,10.03%,00,buy,buy,buy,13:23:51,140.27,1.13%,4.090,-5.12%,-5.72%,141.850,141.850,6.90%,165985.80,Y,0,0,,-,,N,-,buy,-,26-04-22,142.98,6.81,3.67,17.1%,17.1%,"转债占流动市值比：17.1%
转债占总市值比：17.1%",0.00,002061,sz128107,有效期：-；质押代码：128107,128107；2020-10-28 开始转股,全价：141.850 最后更新：13:23:51
123086,海兰转债,sz300065,海兰信,C,7.27,2021-07-15,2021-06-17,2026-12-10,2024-12-10,,,100.000,y,36.56,30,30,0,0.00,,,41.18,118.000,n,130.000,15,30,0,,N,7.300,4.814,AA-,AA-,无担保,,,,szcy,2022年1月28日公告：本次（2022年1月4日至2022年1月25日）不提前赎回，只2022年6月30日均不提前赎回,,123086,123086,1.8358,380065,370065,,N,N,59.780,buy,R,,5.00,N,629856814.0,561691887.0,Y,13.92,30070.07,-4.26%,00,buy,buy,buy,13:23:51,191.47,1.24%,4.726,-9.30%,-10.02%,193.850,193.850,-3.56%,39236.85,Y,1,1,G,-,,N,-,buy,-,26-12-10,195.09,9.45,5.09,6.2%,5.5%,"转债占流动市值比：6.2%
转债占总市值比：5.5%",0.00,300065,sz123086,有效期：-；质押代码：123086,123086；2021-06-17 开始转股,全价：193.850 最后更新：13:23:51
113036,宁建转债,sh601789,宁波建工,C,4.76,2021-06-24,2021-01-11,2026-07-05,2024-07-05,,,100.000,y,43.67,30,30,0,0.00,,,631.85,110.000,y,130.000,15,30,20,2022-04-11,Y,5.400,3.633,AA,AA,无担保,,,,shmb,"最后交易日：2022年4月11日
最后转股日：2022年4月11日
赎回价：100.460元/张",100.460,113036,113036,0.5530,764789,783789,,N,N,67.680,buy,R,,1.99,N,976091545.0,1011618791.0,Y,7.63,86762.23,9.94%,00,buy,buy,buy,13:23:50,160.29,1.33%,4.293,-7.51%,-8.12%,162.420,162.420,11.31%,369361.68,Y,0,0,R,-,,N,-,buy,-,26-07-05,163.75,6.19,3.33,4.7%,4.9%,"转债占流动市值比：4.7%
转债占总市值比：4.9%",0.00,601789,sh113036,有效期：-；质押代码：113036,113036；2021-01-11 开始转股,全价：162.420 最后更新：13:23:50
127058,科伦转债,sz002422,科伦药业,C,17.11,,2022-09-26,2028-03-17,2026-03-17,,,100.000,y,71.04,30,30,0,0.00,,,,108.000,n,130.000,15,30,0,,X,30.000,30.000,AA+,AA+,无,,,,szmb,,,未到转股期,127058,2.1332,082422,072422,,N,N,80.210,-,R,,1.76,N,1425422862.0,1081130679.0,Y,16.86,23999.26,-1.98%,00,buy,buy,buy,,98.54,1.48%,5.995,2.01%,1.62%,100.000,100.000,0.00%,0.00,Y,0,0,,-,,N,-,buy,-,28-03-17,101.48,22.24,11.98,16.5%,12.5%,"转债占流动市值比：16.5%
转债占总市值比：12.5%",0.00,002422,sz127058,有效期：-；质押代码：127058,未到转股期；2022-09-26 开始转股,待上市
123092,天壕转债,sz300332,天壕环境,C,5.19,2021-07-12,2021-06-30,2026-12-23,2024-12-23,,,100.000,y,38.00,30,30,0,0.00,,,5.57,115.000,n,130.000,15,30,0,,N,4.230,4.167,A+,A+,无,,,,szcy,2022年1月24日公告：本次（2022年1月1日至2022年1月24日）不提前赎回，至2022年6月30日均不提前赎回,,123092,123092,0.4805,380332,370332,,N,N,55.430,buy,,,2.42,N,881408921.0,841982571.0,Y,9.56,4516.74,-1.85%,00,buy,buy,buy,13:23:51,184.20,1.52%,4.762,-8.88%,-9.54%,187.003,187.003,-1.27%,4383.34,Y,0,0,G,-,,N,-,buy,-,26-12-23,188.52,6.75,3.63,5.2%,4.9%,"转债占流动市值比：5.2%
转债占总市值比：4.9%",0.00,300332,sz123092,有效期：-；质押代码：123092,123092；2021-06-30 开始转股,全价：187.003 最后更新：13:23:51
132018,G三峡EB1,sh600900,长江电力,E,16.74,2021-07-16,2020-04-13,2024-04-09,2023-04-10,,,100.000,y,54.45,30,30,0,0.85,2022-03-21,2022-03-21,0.89,108.000,y,120.000,15,30,30,,X,200.000,156.252,AAA,AAA,长江电力A股股票及其孳息,,,,shmb,,,132018,132018,,,759001,,N,N,100.000,buy,R,,2.79,N,22741859230.0,22741859230.0,Y,21.52,62057.92,-1.19%,00,buy,buy,buy,13:23:43,128.55,1.89%,2.055,-8.39%,-9.17%,130.500,130.975,-1.08%,18230.04,Y,0,0,B,-,,N,-,buy,-,24-04-09,132.39,20.09,11.72,3.2%,3.2%,"转债占流动市值比：3.2%
转债占总市值比：3.2%",0.00,600900,sh132018,有效期：2022-03-21 到 2022-03-21；质押代码：132018,132018；2020-04-13 开始转股,全价：130.975 最后更新：13:23:43
113055,成银转债,sh601838,成都银行,C,14.53,,2022-09-09,2028-03-02,,,,,y,,0,0,0,0.00,,,,107.000,n,130.000,15,30,0,,X,80.000,80.000,AAA,AAA,无,,,,shmb,,,未到转股期,113055,2.2140,764838,783838,,N,N,79.110,-,R,,1.04,N,3612251334.0,3601923310.0,Y,14.22,14169.24,-2.87%,00,buy,buy,buy,,97.87,2.18%,5.953,1.82%,1.47%,100.000,100.000,0.00%,0.00,Y,0,0,,-,,N,-,buy,-,28-03-02,102.18,18.89,-,15.6%,15.6%,"转债占流动市值比：15.6%
转债占总市值比：15.6%",0.00,601838,sh113055,有效期：-；质押代码：113055,未到转股期；2022-09-09 开始转股,待上市
113541,荣晟转债,sh603165,荣晟环保,C,10.84,2021-05-17,2020-02-03,2025-07-22,2023-07-24,,,100.000,y,45.66,30,30,0,0.00,,,33.93,110.000,n,130.000,15,30,0,,N,3.300,1.577,AA-,AA-,股份质押和保证,,,,shmb,2021年11月22日公告：本次（2021年10月12日至2021年11月22日）不行使提前赎回权利，至2022年5月22日均不提前赎回,,113541,113541,1.8600,753165,754165,,N,N,24.502,buy,,,2.48,N,263201890.0,263201890.0,Y,16.62,4738.12,1.65%,00,buy,buy,buy,13:23:48,153.32,2.22%,3.340,-9.18%,-9.85%,156.730,156.730,2.80%,8331.82,Y,1,1,G,-,,N,-,buy,-,25-07-22,158.95,14.09,7.59,3.6%,3.6%,"转债占流动市值比：3.6%
转债占总市值比：3.6%",0.00,603165,sh113541,有效期：-；质押代码：113541,113541；2020-02-03 开始转股,全价：156.730 最后更新：13:23:48
123073,同和转债,sz300636,同和药业,C,14.82,2021-05-18,2021-05-06,2026-10-25,2024-10-26,,,100.000,y,35.47,30,30,0,0.00,,,447.60,116.000,n,130.000,20,30,0,,N,3.600,3.079,A+,A+,无担保,,,,szcy,2022年2月17日公告：本次（2022年1月13日至2022年2月17日）不提前赎回，至2022年6月17日均不提前赎回,,123073,123073,2.7989,380636,370636,,N,N,70.695,buy,,,6.90,N,205921683.0,169042952.0,Y,29.25,50190.42,2.34%,00,buy,buy,buy,13:23:51,197.37,2.22%,4.600,-10.56%,-11.25%,201.758,201.758,4.81%,276378.03,Y,1,1,G,-,,N,-,buy,-,26-10-25,203.98,19.27,10.37,6.2%,5.1%,"转债占流动市值比：6.2%
转债占总市值比：5.1%",0.00,300636,sz123073,有效期：-；质押代码：123073,123073；2021-05-06 开始转股,全价：201.758 最后更新：13:23:51
113620,傲农转债,sh603363,傲农生物,C,14.52,2022-01-19,2021-09-16,2027-03-09,2025-03-10,,,100.000,y,45.42,30,30,0,0.00,,,96.53,116.000,n,130.000,15,30,14,,X,10.000,9.997,AA,AA,无,,,,shmb,,,113620,113620,1.4830,753363,754363,,N,N,63.860,buy,R,,6.58,N,684415788.0,656388903.0,Y,22.38,47324.98,7.08%,00,buy,buy,buy,13:23:50,154.13,2.53%,4.970,-5.34%,-6.00%,158.030,158.030,4.48%,154126.44,Y,0,0,,-,,N,-,buy,-,27-03-09,160.56,18.88,10.16,6.8%,6.5%,"转债占流动市值比：6.8%
转债占总市值比：6.5%",0.00,603363,sh113620,有效期：-；质押代码：113620,113620；2021-09-16 开始转股,全价：158.030 最后更新：13:23:50
113567,君禾转债,sh603617,君禾股份,C,10.58,2021-12-09,2020-09-10,2026-03-03,2024-03-04,,,100.000,y,51.43,30,30,0,0.00,,,34.06,113.000,n,130.000,15,30,8,,X,2.100,2.099,A+,A+,股票质押担保,,,,shmb,,,113567,113567,1.4730,753617,754617,,N,N,70.840,buy,,,5.00,N,259301043.0,199462981.0,Y,14.40,4561.50,-1.77%,00,buy,buy,buy,13:23:47,136.11,2.67%,3.953,-4.27%,-5.01%,139.750,139.750,-2.58%,10115.00,Y,0,0,,-,,N,-,buy,-,26-03-03,142.42,13.75,7.41,7.3%,5.6%,"转债占流动市值比：7.3%
转债占总市值比：5.6%",0.00,603617,sh113567,有效期：-；质押代码：113567,113567；2020-09-10 开始转股,全价：139.750 最后更新：13:23:47
128046,利尔转债,sz002258,利尔化学,C,18.42,2021-04-13,2019-04-23,2024-10-17,2022-10-17,,,100.000,y,44.32,30,30,0,0.00,,,5.87,108.000,n,130.000,20,30,0,,N,8.520,7.755,AA,AA,无担保,,,,szmb,2022年2月8日公告：本次（2022年1月4日至2022年2月7日）不提前赎回，至2022年5月7日均不提前赎回,,128046,128046,1.6247,082258,072258,,N,N,43.380,buy,R,,3.08,N,526776312.0,524236956.0,Y,29.09,20655.07,-2.45%,00,buy,buy,buy,13:23:51,157.93,2.70%,2.578,-13.78%,-14.44%,162.200,162.200,-2.11%,7462.46,Y,0,0,G,-,,N,-,buy,-,24-10-17,164.90,23.95,12.89,5.1%,5.1%,"转债占流动市值比：5.1%
转债占总市值比：5.1%",0.00,002258,sz128046,有效期：-；质押代码：128046,128046；2019-04-23 开始转股,全价：162.200 最后更新：13:23:51
113025,明泰转债,sh601677,明泰铝业,C,11.00,2021-05-14,2019-10-16,2025-04-09,2023-04-10,,,100.000,y,19.40,30,30,0,0.00,,,16.03,110.000,n,130.000,15,30,0,,N,18.390,10.916,AA,AA,无担保,,,,shmb,2022年2月16日公告：本次（2022年1月19日至2022年2月15日）不提前赎回，至2022年8月15日均不提前赎回,,113025,113025,3.1170,764677,783677,,N,N,24.000,buy,,,2.65,N,682582320.0,682436220.0,Y,39.70,68330.70,5.31%,00,buy,buy,buy,13:23:50,360.91,3.15%,3.055,-32.44%,-32.94%,372.290,372.290,5.52%,65441.82,Y,0,0,G,-,,N,-,buy,-,25-04-09,375.44,14.30,7.70,4.0%,4.0%,"转债占流动市值比：4.0%
转债占总市值比：4.0%",0.00,601677,sh113025,有效期：-；质押代码：113025,113025；2019-10-16 开始转股,全价：372.290 最后更新：13:23:50
128111,中矿转债,sz002738,中矿资源,C,15.45,2022-01-06,2020-12-17,2026-06-10,2024-06-10,,,100.000,y,11.17,30,30,0,0.00,,,199.20,118.000,n,130.000,15,30,0,,N,8.000,1.370,AA-,AA-,无担保,,,,szmb,2022年2月25日公告：本次（2022年2月7日至2022年2月25日）不提前赎回，至2022年8月28日均不提前赎回,,128111,128111,2.8784,082738,072738,,N,N,70.254,buy,,,8.43,N,325265258.0,296384015.0,Y,96.78,213866.76,-2.34%,00,buy,buy,buy,13:23:51,626.41,3.57%,4.225,-,-,648.800,648.800,-1.02%,178618.31,Y,0,0,G,-,,N,-,buy,-,26-06-10,652.37,20.09,10.81,0.5%,0.4%,"转债占流动市值比：0.5%
转债占总市值比：0.4%",0.00,002738,sz128111,有效期：-；质押代码：128111,128111；2020-12-17 开始转股,全价：648.800 最后更新：13:23:51
118007,山石转债,sh688030,山石网科,C,24.65,,2022-09-28,2028-03-21,2026-03-23,,,100.000,y,72.56,30,30,0,0.00,,,,114.000,n,130.000,15,30,0,,X,2.674,2.674,A+,A+,无,,,,shkc,,,未到转股期,118007,1.4830,726030,718030,,N,N,,-,R,,3.05,N,180223454.0,100165766.0,Y,23.78,4034.52,-4.27%,00,buy,buy,buy,,96.47,3.66%,6.000,3.24%,2.62%,100.000,100.000,0.00%,0.00,Y,0,0,,-,,N,-,buy,-,28-03-21,103.66,32.05,17.25,11.2%,6.2%,"转债占流动市值比：11.2%
转债占总市值比：6.2%",0.00,688030,sh118007,有效期：-；质押代码：118007,未到转股期；2022-09-28 开始转股,待上市
123078,飞凯转债,sz300398,飞凯材料,C,15.56,2021-05-31,2021-06-03,2026-11-26,2024-11-26,,,100.000,y,37.06,30,30,0,0.00,,,49.95,110.000,n,120.000,15,30,0,,N,8.250,6.188,AA,AA,无担保,,,,szcy,2022年3月15日公告：本次（2022年2月22日至2022年3月14日）不提前赎回，至2022年3月31日均不提前赎回,,123078,123078,1.5992,380398,370398,,N,N,35.740,buy,R,,4.96,N,522186201.0,515927321.0,Y,29.39,56387.84,2.01%,00,buy,buy,buy,13:23:51,188.88,3.68%,4.688,-10.92%,-11.39%,195.823,195.823,0.99%,61177.20,Y,1,1,G,-,,N,-,buy,-,26-11-26,199.50,18.67,10.89,4.1%,4.0%,"转债占流动市值比：4.1%
转债占总市值比：4.0%",0.00,300398,sz123078,有效期：-；质押代码：123078,123078；2021-06-03 开始转股,全价：195.823 最后更新：13:23:51
127027,靖远转债,sz000552,靖远煤电,C,3.13,2021-10-12,2021-06-16,2026-12-09,2024-12-09,,,100.000,y,55.47,30,30,0,0.00,,,3.09,110.000,n,130.000,15,30,0,,X,28.000,24.304,AA+,AA+,无担保,,,,szmb,,,127027,127027,1.2243,080552,070552,,N,N,35.200,buy,R,,1.09,N,2350879797.0,2347737840.0,Y,3.95,17328.00,-1.00%,00,buy,buy,buy,13:23:51,126.20,3.71%,4.723,-2.77%,-3.31%,130.880,130.880,-0.85%,10003.18,Y,0,0,,-,,N,-,buy,-,26-12-09,134.59,4.07,2.19,26.2%,26.2%,"转债占流动市值比：26.2%
转债占总市值比：26.2%",0.00,000552,sz127027,有效期：-；质押代码：127027,127027；2021-06-16 开始转股,全价：130.880 最后更新：13:23:51
123052,飞鹿转债,sz300665,飞鹿股份,C,7.05,2021-06-03,2020-12-11,2026-06-04,2024-06-04,,,100.000,y,52.61,30,30,0,0.00,,,32.10,120.000,n,130.000,15,30,14,,X,1.770,1.504,A+,A+,无担保,,,,szcy,,,123052,123052,1.4612,380665,370665,,N,N,75.366,buy,,,2.98,N,173398120.0,132959648.0,Y,9.38,2738.34,0.43%,00,buy,buy,buy,13:23:51,133.05,3.82%,4.208,-2.07%,-3.08%,138.130,138.130,0.09%,6729.64,Y,0,0,,-,,N,-,buy,-,26-06-04,141.95,9.16,4.93,12.1%,9.2%,"转债占流动市值比：12.1%
转债占总市值比：9.2%",0.00,300665,sz123052,有效期：-；质押代码：123052,123052；2020-12-11 开始转股,全价：138.130 最后更新：13:23:51
128085,鸿达转债,sz002002,鸿达兴业,C,3.91,2021-06-22,2020-06-22,2025-12-16,2023-12-18,,,100.000,y,56.90,30,30,0,0.00,,,8.32,118.000,n,130.000,15,30,0,,N,24.270,3.378,B,B,无担保,,,,szmb,2021年12月11日公告：本次不提前赎回鸿达转债，至2022年12月8日前均不提前赎回,,128085,128085,0.9374,082002,072002,,N,N,26.280,buy,R,,1.44,N,3120485457.0,3116603421.0,Y,4.81,15696.97,-0.21%,00,buy,buy,buy,13:23:51,123.02,4.39%,3.742,-0.99%,-2.04%,128.420,128.420,-0.56%,3649.53,Y,0,0,G,-,,N,-,buy,-,25-12-16,132.81,5.08,2.74,2.3%,2.3%,"转债占流动市值比：2.3%
转债占总市值比：2.3%",0.00,002002,sz128085,有效期：-；质押代码：128085,128085；2020-06-22 开始转股,全价：128.420 最后更新：13:23:51
113548,石英转债,sh603688,石英股份,C,14.93,2021-05-28,2020-05-06,2025-10-27,2023-10-27,,,100.000,y,17.20,30,30,0,0.00,,,17.11,118.000,n,130.000,15,30,0,,N,3.600,1.201,AA-,AA-,股份质押和保证,,,,shmb,2022年2月23日公告：本次（2022年01月04日至2022年02月21日）不提前赎回，至2022年06月30日均不提前赎回,,113548,113548,1.0780,753688,754688,,N,N,43.700,buy,R,,10.35,N,353147440.0,353147440.0,Y,60.76,10161.00,-0.72%,00,buy,buy,buy,13:23:50,406.97,4.76%,3.605,-29.46%,-30.16%,426.360,426.360,-0.92%,8871.98,Y,0,0,G,-,,N,-,buy,-,25-10-27,431.12,19.41,10.45,0.6%,0.6%,"转债占流动市值比：0.6%
转债占总市值比：0.6%",0.00,603688,sh113548,有效期：-；质押代码：113548,113548；2020-05-06 开始转股,全价：426.360 最后更新：13:23:50
123083,朗新转债,sz300682,朗新科技,C,15.39,2021-12-23,2021-06-15,2026-12-08,2024-12-09,,,100.000,y,38.81,30,30,0,0.00,,,3.97,110.000,n,130.000,15,30,9,,X,8.000,5.995,AA,AA,无担保,,,,szcy,,,123083,123083,0.7833,380682,370682,,N,N,77.260,buy,,,5.24,N,1045563116.0,738180208.0,Y,27.76,4422.29,-0.72%,00,buy,buy,buy,13:23:51,180.38,4.89%,4.721,-10.20%,-10.67%,189.204,189.204,0.43%,4503.98,Y,0,0,,-,,N,-,buy,-,26-12-08,194.09,20.01,10.77,2.9%,2.1%,"转债占流动市值比：2.9%
转债占总市值比：2.1%",0.00,300682,sz123083,有效期：-；质押代码：123083,123083；2021-06-15 开始转股,全价：189.204 最后更新：13:23:51
127003,海印转债,sz000861,海印股份,C,2.99,2021-07-21,2016-12-16,2022-06-08,2020-06-08,,,100.000,y,59.29,30,30,0,0.00,,,20.84,110.000,n,130.000,15,30,0,,X,11.110,6.735,AA-,AA-,广州海印实业集团有限公司责任人担保,,,,szmb,,,127003,127003,0.4938,080861,070861,4,N,N,,buy,R,,2.16,N,2325574211.0,2184526848.0,Y,3.53,39226.90,1.44%,00,buy,buy,buy,13:23:51,118.06,4.61%,0.216,-50.61%,-58.10%,123.500,123.500,-0.08%,17325.28,Y,2,2,,-,,N,-,buy,-,22-06-08,128.11,3.89,2.09,8.7%,8.2%,"转债占流动市值比：8.7%
转债占总市值比：8.2%",0.00,000861,sz127003,有效期：-；质押代码：127003,127003；2016-12-16 开始转股,全价：123.500 最后更新：13:23:51
123085,万顺转2,sz300057,万顺新材,C,6.20,2021-05-17,2021-06-17,2026-12-10,2024-12-10,,,100.000,y,52.73,30,30,0,0.00,,,18.04,108.000,n,130.000,15,30,0,,N,9.000,8.511,AA-,AA-,无担保,,,,szcy,2022年1月24日公告：本次（2022年1月4日至2022年1月24日）不提前赎回，至2022年12月31日均不提前赎回,,123085,123085,1.3341,380057,370057,,N,N,66.940,buy,,,1.57,N,683677810.0,507463002.0,Y,8.23,17450.08,-4.30%,00,buy,buy,buy,13:23:51,132.74,4.91%,4.726,-4.42%,-4.88%,139.260,139.260,-2.62%,21510.55,Y,0,0,G,-,,N,-,buy,-,26-12-10,144.17,8.06,4.34,20.4%,15.1%,"转债占流动市值比：20.4%
转债占总市值比：15.1%",0.00,300057,sz123085,有效期：-；质押代码：123085,123085；2021-06-17 开始转股,全价：139.260 最后更新：13:23:51
113618,美诺转债,sh603538,美诺华,C,37.23,2022-01-05,2021-07-20,2027-01-13,2025-01-13,,,100.000,y,42.79,30,30,0,0.00,,,670.73,110.000,n,130.000,15,30,6,,X,5.200,5.186,AA-,AA-,实控人全额无条件不可撤销的保证担保,,,,shmb,,,113618,113618,3.4750,753538,754538,,N,N,55.420,buy,,,5.03,N,151303537.0,149575677.0,Y,60.91,143597.85,4.30%,00,buy,buy,buy,13:23:51,163.60,4.94%,4.819,-8.13%,-8.61%,171.690,171.690,5.25%,606422.09,Y,0,0,,-,,N,-,buy,-,27-01-13,176.63,48.40,26.06,5.7%,5.6%,"转债占流动市值比：5.7%
转债占总市值比：5.6%",0.00,603538,sh113618,有效期：-；质押代码：113618,113618；2021-07-20 开始转股,全价：171.690 最后更新：13:23:51
113016,小康转债,sh601127,小康股份,C,16.96,2021-07-05,2018-05-11,2023-11-06,2021-11-06,,,100.000,y,26.70,30,30,0,0.00,,,61.53,106.000,n,130.000,15,30,0,,N,15.000,2.069,AA-,AA-,无担保,,,,shmb,2021年4月2日公告：本次不行使提前赎回权利，不提前赎回；至2022年4月2日均不提前赎回,,113016,113016,1.6490,764127,783127,,N,N,89.391,buy,R,,8.35,N,1359932415.0,1032551463.0,Y,44.46,46481.93,-0.34%,00,buy,buy,buy,13:23:51,262.15,4.99%,1.630,-,-,275.220,275.220,0.16%,35455.90,Y,1,1,G,-,,N,-,buy,-,23-11-06,280.21,22.05,11.87,0.5%,0.3%,"转债占流动市值比：0.5%
转债占总市值比：0.3%",0.00,601127,sh113016,有效期：-；质押代码：113016,113016；2018-05-11 开始转股,全价：275.220 最后更新：13:23:51
113027,华钰转债,sh601020,ST华钰,C,10.17,,2019-12-20,2025-06-13,2023-06-14,,,100.000,y,46.68,30,30,0,0.00,,,55.86,110.000,n,130.000,15,30,0,,N,6.400,3.089,A,A,无担保,,,,shmb,2022年3月12日公告，本次（2022年1月24日至2022年3月11日）不行使提前赎回权利，至2022年4月18日均不提前赎回,,113027,113027,1.2160,764020,783020,,N,N,4.450,buy,,,3.16,N,555341743.0,555341743.0,Y,15.25,16521.99,-0.13%,00,buy,buy,buy,13:23:52,149.95,5.14%,3.233,-9.64%,-10.33%,157.650,157.650,-0.11%,27534.14,Y,0,0,G,-,,N,-,buy,-,25-06-13,162.79,13.22,7.12,3.6%,3.6%,"转债占流动市值比：3.6%
转债占总市值比：3.6%",0.00,601020,sh113027,有效期：-；质押代码：113027,113027；2019-12-20 开始转股,全价：157.650 最后更新：13:23:52
113615,金诚转债,sh603979,金诚信,C,12.65,2021-06-09,2021-06-29,2026-12-22,2024-12-23,,,100.000,y,42.92,30,30,0,0.00,,,3.08,112.000,n,130.000,15,30,0,,N,10.000,8.663,AA,AA,无担保,,,,shmb,2021年11月24日公告：本次（2021年11月4日至2021年11月24日）不行使提前赎回权利，至2022年5月24日均不提前赎回,,113615,113615,1.7320,753979,754979,,N,N,71.880,buy,,,2.38,N,593966469.0,593966469.0,Y,20.63,3525.72,2.33%,00,buy,buy,buy,13:23:48,163.08,5.94%,4.759,-8.01%,-8.56%,172.760,172.760,0.73%,4632.32,Y,0,0,G,-,,N,-,buy,-,26-12-22,178.70,16.45,8.86,7.1%,7.1%,"转债占流动市值比：7.1%
转债占总市值比：7.1%",0.00,603979,sh113615,有效期：-；质押代码：113615,113615；2021-06-29 开始转股,全价：172.760 最后更新：13:23:48
123141,宏丰转债,sz300283,温州宏丰,C,6.92,,2022-09-21,2028-03-14,2026-03-16,,,100.000,y,74.18,30,30,0,0.00,,,,115.000,n,130.000,15,30,0,,X,3.213,3.213,A,A,无,,,,szcy,,,未到转股期,123141,0.7350,380283,370283,,N,N,67.780,-,,,3.54,N,437085230.0,298614485.0,Y,6.53,3259.53,0.62%,00,buy,buy,buy,,94.36,5.98%,5.986,3.41%,2.76%,100.000,100.000,0.00%,0.00,Y,0,0,,-,,N,-,buy,-,28-03-14,105.98,9.00,4.84,16.5%,11.3%,"转债占流动市值比：16.5%
转债占总市值比：11.3%",0.00,300283,sz123141,有效期：-；质押代码：123141,未到转股期；2022-09-21 开始转股,待上市
123089,九洲转2,sz300040,九洲集团,C,5.68,2021-07-14,2021-06-25,2026-12-20,2024-12-20,,,100.000,y,49.51,30,30,0,0.00,,,10.82,115.000,n,130.000,15,30,0,,N,5.000,3.063,AA-,AA-,无担保,,,,szcy,2022年1月27日公告：本次（截至2022年1月27日）不行使九洲转2的提前赎回权利，至2022年4月29日均不提前赎回,,123089,123089,1.3144,380040,370040,,N,N,61.460,buy,,,1.78,N,587651252.0,455308626.0,Y,8.03,7572.79,0.75%,00,buy,buy,buy,13:23:51,141.37,6.33%,4.753,-4.61%,-5.30%,150.321,150.321,-0.59%,5046.04,Y,0,0,G,-,,N,-,buy,-,26-12-20,156.65,7.38,3.98,8.4%,6.5%,"转债占流动市值比：8.4%
转债占总市值比：6.5%",0.00,300040,sz123089,有效期：-；质押代码：123089,123089；2021-06-25 开始转股,全价：150.321 最后更新：13:23:51
128091,新天转债,sz002873,新天药业,C,11.62,2021-11-10,2020-07-06,2025-12-30,2024-01-01,,,100.000,y,37.41,30,30,0,0.00,,,170.45,113.000,n,130.000,15,30,0,,N,1.770,1.544,A+,A+,房产抵押和股份质押,,,,szmb,2022年1月13日公告：本次（2021年12月22日至2022年1月12日）不提前赎回，至2022年6月30日均不提前赎回,,128091,128091,1.5410,082873,072873,,N,N,46.250,buy,,,4.00,N,164048027.0,155115979.0,Y,21.74,15685.38,1.45%,00,buy,buy,buy,13:23:51,187.09,6.46%,3.781,-13.06%,-13.75%,199.180,199.180,0.78%,53008.86,Y,0,0,G,-,,N,-,buy,-,25-12-30,205.64,15.11,8.13,4.6%,4.3%,"转债占流动市值比：4.6%
转债占总市值比：4.3%",0.00,002873,sz128091,有效期：-；质押代码：128091,128091；2020-07-06 开始转股,全价：199.180 最后更新：13:23:51
123142,申昊转债,sz300853,申昊科技,C,34.41,,2022-09-26,2028-03-17,2026-03-17,,,100.000,y,74.55,30,30,0,0.00,,,,110.000,n,130.000,15,30,0,,X,5.500,5.500,A+,A+,无,,,,szcy,,,未到转股期,123142,3.7432,380853,370853,,N,N,70.840,-,,,4.09,N,146930400.0,92734920.0,Y,32.31,1737.19,0.97%,00,buy,buy,buy,,93.90,6.50%,5.995,2.56%,2.06%,100.000,100.000,0.00%,0.00,Y,0,0,,-,,N,-,buy,-,28-03-17,106.50,44.73,24.09,18.4%,11.6%,"转债占流动市值比：18.4%
转债占总市值比：11.6%",0.00,300853,sz123142,有效期：-；质押代码：123142,未到转股期；2022-09-26 开始转股,待上市
113568,新春转债,sh603667,五洲新春,C,8.75,2021-06-15,2020-09-14,2026-03-05,2024-03-05,,,100.000,y,45.24,30,30,0,0.00,,,326.22,118.000,n,130.000,15,30,0,,N,3.300,2.434,AA-,AA-,无担保,,,,shmb,2022年3月4日公告：本次（2022年2月11日至2022年3月3日）不提前赎回，至2022年4月3日均不提前赎回,,113568,113568,1.1600,753667,754667,,N,N,15.920,buy,,,2.12,N,301196480.0,276542720.0,Y,13.54,2282.46,9.99%,00,buy,buy,buy,13:23:52,154.74,6.73%,3.959,-7.21%,-8.10%,165.160,165.160,12.76%,132248.54,Y,0,0,G,-,,N,-,buy,-,26-03-05,171.89,11.38,6.12,6.5%,6.0%,"转债占流动市值比：6.5%
转债占总市值比：6.0%",0.00,603667,sh113568,有效期：-；质押代码：113568,113568；2020-09-14 开始转股,全价：165.160 最后更新：13:23:52
113626,伯特转债,sh603596,伯特利,C,36.01,2021-10-28,2022-01-05,2027-06-28,2025-06-27,,,100.000,y,33.37,30,30,0,0.00,,,5.16,116.000,n,130.000,15,30,0,,N,9.020,9.015,AA,AA,无,,,,shmb,2022年1月26日公告：本次（2022年1月5日至2022年1月25日）不提前赎回，至2022年7月25日均不提前赎回,,113626,113626,2.2130,753596,754596,,N,N,70.636,buy,,,9.29,N,408446000.0,406626000.0,Y,75.54,13789.03,-0.21%,00,buy,buy,buy,13:23:52,209.78,7.06%,5.274,-11.21%,-11.79%,224.590,224.590,-0.28%,10550.77,Y,0,0,G,-,,N,-,buy,-,27-06-28,231.65,46.81,25.21,2.9%,2.9%,"转债占流动市值比：2.9%
转债占总市值比：2.9%",0.00,603596,sh113626,有效期：-；质押代码：113626,113626；2022-01-05 开始转股,全价：224.590 最后更新：13:23:52
128025,特一转债,sz002728,特一药业,C,13.80,2021-12-01,2018-06-12,2023-12-06,2021-12-06,,,100.000,y,55.20,30,30,0,0.00,,,202.83,106.000,n,130.000,15,30,0,,X,3.540,2.977,AA-,AA-,许丹青的股票,,,,szmb,,,128025,128025,1.7700,082728,072728,,N,N,74.250,buy,,,3.07,N,221643927.0,127186140.0,Y,17.50,34535.01,1.92%,00,buy,buy,buy,13:23:51,126.81,7.46%,1.712,-13.03%,-13.73%,136.272,136.272,1.14%,83400.97,Y,1,1,,-,,N,-,buy,-,23-12-06,143.73,17.94,9.66,13.4%,7.7%,"转债占流动市值比：13.4%
转债占总市值比：7.7%",0.00,002728,sz128025,有效期：-；质押代码：128025,128025；2018-06-12 开始转股,全价：136.272 最后更新：13:23:51
113550,常汽转债,sh603035,常熟汽饰,C,9.33,2021-05-28,2020-05-22,2025-11-17,2023-11-17,,,100.000,y,44.64,30,30,0,0.00,,,70.70,115.000,n,130.000,15,30,12,,X,9.924,2.147,AA-,AA-,无担保,,,,shmb,,,113550,113550,3.5440,753035,754035,,N,N,49.290,buy,,,1.33,N,360749112.0,360749112.0,Y,14.63,16219.65,1.39%,00,buy,buy,buy,13:23:49,156.81,7.48%,3.663,-8.92%,-9.76%,168.540,168.540,-2.39%,26395.43,Y,0,0,,-,,N,-,buy,-,25-11-17,176.02,12.13,6.53,4.1%,4.1%,"转债占流动市值比：4.1%
转债占总市值比：4.1%",0.00,603035,sh113550,有效期：-；质押代码：113550,113550；2020-05-22 开始转股,全价：168.540 最后更新：13:23:49
113039,嘉泽转债,sh601619,嘉泽新能,C,3.46,2021-06-11,2021-03-01,2026-08-23,2024-08-23,,,100.000,y,55.17,30,30,0,0.00,,,3.89,108.000,n,130.000,15,30,0,,N,13.000,2.885,AA,AA,无担保,,,,shmb,2022年1月6日公告：本次（2021年12月15日至2022年1月5日）不提前赎回，至2022年4月5日均不提前赎回,,113039,113039,0.6260,764619,783619,,N,N,76.530,buy,,,2.21,N,2434220009.0,2365350009.0,Y,4.39,6847.76,-1.35%,00,buy,buy,buy,13:23:51,126.88,7.57%,4.427,-4.29%,-4.78%,136.490,136.490,-1.11%,1545.31,Y,0,0,G,-,,N,-,buy,-,26-08-23,144.06,4.50,2.42,2.8%,2.7%,"转债占流动市值比：2.8%
转债占总市值比：2.7%",0.00,601619,sh113039,有效期：-；质押代码：113039,113039；2021-03-01 开始转股,全价：136.490 最后更新：13:23:51
128013,洪涛转债,sz002325,洪涛股份,C,2.31,2021-12-13,2017-02-06,2022-07-29,2020-07-29,,,100.000,y,61.72,30,30,0,0.00,,,10.56,108.000,n,130.000,15,30,2,,X,12.000,8.222,BB,BB,无担保,,,,szmb,,,128013,128013,0.9980,082325,072325,10,N,N,,buy,R,,1.19,N,1325359461.0,1003074122.0,Y,2.62,9186.34,-0.76%,00,buy,buy,buy,13:23:51,113.42,7.82%,0.356,-32.83%,-36.50%,122.292,122.292,0.98%,10610.20,Y,3,3,,-,,N,-,buy,-,22-07-29,130.11,3.00,1.62,31.3%,23.7%,"转债占流动市值比：31.3%
转债占总市值比：23.7%",0.00,002325,sz128013,有效期：-；质押代码：128013,128013；2017-02-06 开始转股,全价：122.292 最后更新：13:23:51
113582,火炬转债,sh603678,火炬电子,C,24.99,2021-07-09,2020-12-02,2026-05-27,2024-05-27,,,100.000,y,31.85,30,30,0,0.00,,,29.79,110.000,n,130.000,15,30,0,,N,6.000,4.177,AA,AA,无担保,,,,shmb,2022年2月26日公告：本次（2022年2月7日至2022年2月25日）不提前赎回，至2022年5月25日均不提前赎回,,113582,113582,1.3290,753678,754678,,N,N,73.030,buy,R,,5.61,N,459857772.0,459030972.0,Y,54.92,44472.44,4.87%,00,buy,buy,buy,13:23:51,219.77,8.17%,4.186,-16.20%,-16.68%,237.720,237.720,2.39%,30206.09,Y,0,0,G,-,,N,-,buy,-,26-05-27,245.89,32.49,17.49,1.7%,1.7%,"转债占流动市值比：1.7%
转债占总市值比：1.7%",0.00,603678,sh113582,有效期：-；质押代码：113582,113582；2020-12-02 开始转股,全价：237.720 最后更新：13:23:51
110071,湖盐转债,sh600929,雪天盐业,C,5.89,2022-01-24,2021-01-18,2026-07-09,2024-07-09,,,100.000,y,58.82,30,30,0,0.00,,,3.30,110.000,n,130.000,15,30,0,,X,7.200,7.198,AA,AA,无担保,,,,shmb,,,110071,110071,0.7840,704929,733929,,N,N,78.196,buy,R,,3.48,N,1350169795.0,917779062.0,Y,7.01,4853.39,1.45%,00,buy,buy,buy,13:23:52,119.02,8.33%,4.304,-2.70%,-3.29%,128.940,128.940,0.44%,3053.69,Y,0,0,,-,,N,-,buy,-,26-07-09,137.27,7.66,4.12,11.2%,7.6%,"转债占流动市值比：11.2%
转债占总市值比：7.6%",0.00,600929,sh110071,有效期：-；质押代码：110071,110071；2021-01-18 开始转股,全价：128.940 最后更新：13:23:52
128128,齐翔转2,sz002408,齐翔腾达,C,5.69,2021-09-29,2021-02-26,2026-08-19,2024-08-19,,,100.000,y,47.42,30,30,0,0.00,,,4.54,110.000,n,130.000,15,30,0,,N,29.900,6.806,AA,AA,无担保,,,,szmb,2022年1月25日公告：本次（2022年1月1日起至2022年1月24日）不提前赎回，至2022年7月24日均不提前赎回,,128128,128128,1.7102,082408,072408,,N,N,76.460,buy,R,,1.92,N,2842637146.0,2771179688.0,Y,8.40,22802.92,-2.21%,00,buy,buy,buy,13:23:51,147.63,8.45%,4.416,-7.35%,-7.89%,160.108,160.108,-3.00%,5041.83,Y,0,0,G,-,,N,-,buy,-,26-08-19,168.56,7.40,3.98,2.9%,2.9%,"转债占流动市值比：2.9%
转债占总市值比：2.9%",0.00,002408,sz128128,有效期：-；质押代码：128128,128128；2021-02-26 开始转股,全价：160.108 最后更新：13:23:51
123067,斯莱转债,sz300382,斯莱克,C,9.36,2021-06-30,2021-03-23,2026-09-16,2024-09-16,,,100.000,y,45.06,30,30,0,0.00,,,16.28,115.000,n,130.000,15,30,0,,N,3.880,2.398,AA-,AA-,无担保,,,,szcy,2022年2月11日公告：本次不行使提前赎回权利，至2022年5月23日均不提前赎回,,123067,123067,0.6940,380382,370382,,N,N,19.960,buy,,,7.09,N,580381337.0,580323512.0,Y,14.54,9336.60,1.18%,00,buy,buy,buy,13:23:51,155.34,8.47%,4.493,-7.28%,-7.99%,168.500,168.500,1.63%,6637.56,Y,0,0,G,-,,N,-,buy,-,26-09-16,176.97,12.17,6.55,2.8%,2.8%,"转债占流动市值比：2.8%
转债占总市值比：2.8%",0.00,300382,sz123067,有效期：-；质押代码：123067,123067；2021-03-23 开始转股,全价：168.500 最后更新：13:23:51
110057,现代转债,sh600420,国药现代,C,9.79,2021-06-25,2019-10-08,2025-03-31,2023-04-01,,,100.000,y,58.47,30,30,0,0.74,2022-03-21,2022-03-21,55.57,106.000,n,130.000,15,30,0,,X,16.160,16.157,AAA,AAA,无担保,,,,shmb,,,110057,110057,1.5290,704420,733420,,N,N,32.790,buy,,,1.39,N,1026964555.0,1026964555.0,Y,11.72,44887.69,10.05%,00,buy,buy,buy,13:23:47,119.71,8.48%,3.030,-5.36%,-5.94%,129.860,129.860,4.55%,117981.33,Y,0,0,,-,,N,-,buy,-,25-03-31,138.34,12.73,6.85,13.4%,13.4%,"转债占流动市值比：13.4%
转债占总市值比：13.4%",0.00,600420,sh110057,有效期：2022-03-21 到 2022-03-21；质押代码：110057,110057；2019-10-08 开始转股,全价：129.860 最后更新：13:23:47
127040,国泰转债,sz002091,江苏国泰,C,9.02,,2022-01-13,2027-07-06,2025-07-07,,,100.000,y,59.23,30,30,0,0.00,,,3.27,108.000,n,130.000,15,30,5,,X,45.574,42.580,AA+,AA+,无,,,,szmb,,,127040,127040,2.9100,082091,072091,,N,N,65.940,buy,R,,1.70,N,1563536598.0,1513016522.0,Y,10.66,12290.39,1.23%,00,buy,buy,buy,13:23:48,118.18,8.59%,5.296,-2.49%,-2.90%,128.331,128.331,1.29%,17936.76,Y,0,0,,-,,N,-,buy,-,27-07-06,136.92,11.73,6.31,26.4%,25.5%,"转债占流动市值比：26.4%
转债占总市值比：25.5%",0.00,002091,sz127040,有效期：-；质押代码：127040,127040；2022-01-13 开始转股,全价：128.331 最后更新：13:23:48
127029,中钢转债,sz000928,中钢国际,C,5.79,2021-09-24,2021-09-27,2027-03-18,2025-03-18,,,100.000,y,59.17,30,30,0,0.00,,,5.59,113.000,n,130.000,15,30,0,,N,9.600,8.192,AA+,AA+,无,,,,szmb,2021年10月26日公告：本次（2021年9月27日至10月26日）不行使提前赎回权利，至2022年4月25日前均不提前赎回,,127029,127029,0.7639,080928,070928,,N,N,20.710,buy,R,,1.45,N,1280919103.0,1280887903.0,Y,6.85,6792.35,-1.15%,00,buy,buy,buy,13:23:51,118.31,8.66%,4.995,-1.84%,-2.43%,128.554,128.554,-0.81%,5951.59,Y,0,0,G,-,,N,-,buy,-,27-03-18,137.21,7.53,4.05,9.3%,9.3%,"转债占流动市值比：9.3%
转债占总市值比：9.3%",0.00,000928,sz127029,有效期：-；质押代码：127029,127029；2021-09-27 开始转股,全价：128.554 最后更新：13:23:51
113570,百达转债,sh603331,百达精工,C,11.34,2021-06-30,2020-09-17,2026-03-10,2024-03-11,,,100.000,y,58.71,30,30,0,0.00,,,6.99,110.000,n,130.000,15,30,0,,X,2.800,2.799,A+,A+,股份质押的担保,,,,shmb,,,113570,113570,2.1800,753331,754331,,N,N,46.370,buy,,,2.76,N,178159917.0,175419917.0,Y,13.52,3591.33,-1.10%,00,buy,buy,buy,13:23:49,119.22,8.81%,3.973,-3.19%,-3.80%,129.720,129.720,-1.19%,2551.15,Y,0,0,,-,,N,-,buy,-,26-03-10,138.53,14.74,7.94,11.8%,11.6%,"转债占流动市值比：11.8%
转债占总市值比：11.6%",0.00,603331,sh113570,有效期：-；质押代码：113570,113570；2020-09-17 开始转股,全价：129.720 最后更新：13:23:49
123130,设研转债,sz300732,设研院,C,11.22,2022-02-16,2022-05-17,2027-11-10,2025-11-10,,,100.000,y,51.13,30,30,0,0.00,,,114.78,112.000,n,130.000,15,30,0,,X,3.760,3.760,AA,AA,无,,,,szcy,,,未到转股期,123130,1.3718,380732,370732,,N,N,63.570,-,,,1.66,N,274063336.0,268768437.0,Y,15.36,26021.75,-1.85%,00,buy,buy,buy,13:23:51,136.90,8.73%,5.644,-4.23%,-4.72%,148.856,148.856,-0.36%,64986.90,Y,0,0,,-,,N,-,buy,-,27-11-10,157.59,14.59,7.85,9.1%,8.9%,"转债占流动市值比：9.1%
转债占总市值比：8.9%",0.00,300732,sz123130,有效期：-；质押代码：123130,未到转股期；2022-05-17 开始转股,全价：148.856 最后更新：13:23:51
113641,华友转债,sh603799,华友钴业,C,110.26,,2022-09-02,2028-02-23,2026-02-23,,,100.000,y,76.26,30,30,0,0.00,,,,108.000,n,130.000,15,30,0,,X,76.000,76.000,AA+,AA+,无,,,,shmb,,,未到转股期,113641,6.2220,753799,754799,,N,N,74.040,-,R,,6.89,N,1221396283.0,1210761526.0,Y,101.21,275530.82,4.33%,00,buy,buy,buy,,91.79,8.94%,5.932,2.03%,1.64%,100.000,100.000,0.00%,0.00,Y,0,0,,-,,N,-,buy,-,28-02-23,108.94,143.34,77.18,6.2%,6.1%,"转债占流动市值比：6.2%
转债占总市值比：6.1%",0.00,603799,sh113641,有效期：-；质押代码：113641,未到转股期；2022-09-02 开始转股,待上市
113537,文灿转债,sh603348,文灿股份,C,19.28,2021-06-18,2019-12-16,2025-06-09,2023-06-12,,,100.000,y,34.25,30,30,0,0.00,,,49.96,115.000,n,130.000,15,30,0,,N,8.000,1.406,AA-,AA-,无担保,,,,shmb,2021年10月27日公告：本次不行使文灿转债的提前赎回权利，至2022年4月27日前均不提前赎回,,113537,113537,3.6360,753348,754348,,N,N,18.080,buy,,,3.88,N,262148808.0,257432808.0,Y,39.40,7138.42,-0.98%,00,buy,buy,buy,13:23:51,204.36,8.97%,3.222,-17.66%,-18.50%,222.690,222.690,-0.54%,15890.98,Y,0,0,G,-,,N,-,buy,-,25-06-09,231.66,25.06,13.50,1.4%,1.4%,"转债占流动市值比：1.4%
转债占总市值比：1.4%",0.00,603348,sh113537,有效期：-；质押代码：113537,113537；2019-12-16 开始转股,全价：222.690 最后更新：13:23:51
128130,景兴转债,sz002067,景兴纸业,C,3.40,,2021-03-04,2026-08-30,2024-08-30,,,100.000,y,70.47,30,30,0,0.00,,,2.01,110.000,n,130.000,15,30,0,,X,12.800,9.987,AA,AA,无担保,,,,szmb,,,128130,128130,1.1519,082067,072067,,N,N,53.140,buy,R,,0.86,N,1193928835.0,1056303835.0,Y,3.86,4669.59,-1.28%,00,buy,buy,buy,13:23:45,113.53,9.09%,4.447,-1.73%,-2.30%,123.855,123.855,-0.76%,2518.32,Y,0,0,,-,,N,-,buy,-,26-08-30,132.94,4.42,2.72,24.5%,21.7%,"转债占流动市值比：24.5%
转债占总市值比：21.7%",0.00,002067,sz128130,有效期：-；质押代码：128130,128130；2021-03-04 开始转股,全价：123.855 最后更新：13:23:45
128095,恩捷转债,sz002812,恩捷股份,C,64.92,2021-04-30,2020-08-17,2026-02-11,2024-02-12,,,100.000,y,19.68,30,30,0,0.00,,,11.95,110.000,n,130.000,15,30,30,,X,16.000,4.541,AA,AA,无担保,,,,szmb,,,128095,128095,1.9866,082812,072812,,N,N,77.840,buy,R,,16.02,N,892406900.0,742019792.0,Y,230.97,136434.28,-1.92%,00,buy,buy,buy,13:23:51,355.78,9.23%,3.899,-27.24%,-27.66%,388.615,388.615,-1.23%,21406.92,Y,0,0,B,-,,N,-,buy,-,26-02-11,397.85,84.40,45.44,0.3%,0.2%,"转债占流动市值比：0.3%
转债占总市值比：0.2%",0.00,002812,sz128095,有效期：-；质押代码：128095,128095；2020-08-17 开始转股,全价：388.615 最后更新：13:23:51
123138,丝路转债,sz300556,丝路视觉,C,26.69,,2022-09-08,2028-03-01,2026-03-02,,,100.000,y,76.63,30,30,0,0.00,,,,115.000,n,130.000,15,30,0,,X,2.400,2.400,A+,A+,无,,,,szcy,,,未到转股期,123138,2.0104,380556,370556,,N,N,39.990,-,,,4.02,N,119376875.0,90341762.0,Y,24.38,8925.48,-1.53%,00,buy,buy,buy,,91.35,9.47%,5.951,3.43%,2.78%,100.000,100.000,0.00%,0.00,Y,0,0,,-,,N,-,buy,-,28-03-01,109.47,34.70,18.68,10.9%,8.2%,"转债占流动市值比：10.9%
转债占总市值比：8.2%",0.00,300556,sz123138,有效期：-；质押代码：123138,未到转股期；2022-09-08 开始转股,待上市
128082,华锋转债,sz002806,华锋股份,C,9.13,2021-03-23,2020-06-10,2025-12-03,2023-12-04,,,100.000,y,56.51,30,30,0,0.00,,,9.47,115.000,n,130.000,15,30,0,,N,3.520,2.036,A,A,土地、房产、机器设备等资产抵 押和股份质押担保,,,,szmb,2022年1月29日公告：本次（2022年1月4日至2022年1月24日）不提前赎回，至2022年12月31日均不提前赎回,,128082,128082,1.9995,082806,072806,,N,N,5.530,buy,,,1.85,N,191703355.0,139230770.0,Y,11.31,1524.13,-1.65%,00,buy,buy,buy,13:23:51,123.88,9.68%,3.707,-3.24%,-4.14%,135.877,135.877,0.34%,2633.74,Y,2,2,G,-,,N,-,buy,-,25-12-03,145.56,11.87,6.39,12.9%,9.4%,"转债占流动市值比：12.9%
转债占总市值比：9.4%",0.00,002806,sz128082,有效期：-；质押代码：128082,128082；2020-06-10 开始转股,全价：135.877 最后更新：13:23:51
113504,艾华转债,sh603989,艾华集团,C,20.81,2021-06-24,2018-09-08,2024-03-02,2022-03-02,,,100.000,y,50.58,30,30,0,0.00,,,1.57,106.000,n,130.000,15,30,0,,N,6.910,4.628,AA,AA,无担保,,,,shmb,2022年1月7日公告：本次（2021年12月17日至2022年1月7日）不提前赎回，至2022年4月7日均不提前赎回,,113504,113504,2.3030,753989,754989,,N,N,82.470,buy,R,,3.92,N,400813533.0,400813533.0,Y,28.80,1371.30,-0.45%,00,buy,buy,buy,13:23:15,138.40,10.00%,1.951,-16.33%,-16.94%,152.240,152.240,0.38%,1113.84,Y,1,1,G,-,,N,-,buy,-,24-03-02,162.24,27.05,14.57,4.0%,4.0%,"转债占流动市值比：4.0%
转债占总市值比：4.0%",0.00,603989,sh113504,有效期：-；质押代码：113504,113504；2018-09-08 开始转股,全价：152.240 最后更新：13:23:15
123063,大禹转债,sz300021,大禹节水,C,4.85,2022-03-08,2021-02-03,2026-07-27,2025-07-28,,,100.000,y,60.41,30,30,0,0.00,,,3.91,120.000,n,130.000,15,30,6,,X,6.380,6.346,AA-,AA-,无担保,,,,szcy,,,123063,123063,0.8100,380021,370021,,N,N,68.990,buy,,,2.94,N,859669029.0,788265279.0,Y,5.62,8848.90,0.90%,00,buy,buy,buy,13:23:45,115.88,10.01%,4.353,-0.26%,-1.24%,127.484,127.484,0.00%,3180.93,Y,0,0,,-,,N,-,buy,-,26-07-27,137.49,6.30,3.40,14.3%,13.1%,"转债占流动市值比：14.3%
转债占总市值比：13.1%",0.00,300021,sz123063,有效期：-；质押代码：123063,123063；2021-02-03 开始转股,全价：127.484 最后更新：13:23:45
128017,金禾转债,sz002597,金禾实业,C,21.97,2021-05-21,2018-08-07,2023-11-01,2021-11-01,,,100.000,y,38.95,30,30,0,0.00,,,20.23,106.000,n,130.000,15,30,0,,N,6.000,5.518,AA,AA,无担保,,,,szmb,2022年1月25日公告：本次（2022年1月1日至2022年1月24日）不提前赎回，至存续期结束前2023年11月1日均不提前赎回,,128017,128017,1.0633,082597,072597,,N,N,89.139,buy,R,,4.15,N,560913735.0,559486768.0,Y,39.48,21324.43,4.03%,00,buy,buy,buy,13:23:51,179.70,10.07%,1.616,-31.62%,-32.18%,197.800,197.800,4.56%,22437.25,Y,0,0,G,-,,N,-,buy,-,23-11-01,207.87,28.56,15.38,2.5%,2.5%,"转债占流动市值比：2.5%
转债占总市值比：2.5%",0.00,002597,sz128017,有效期：-；质押代码：128017,128017；2018-08-07 开始转股,全价：197.800 最后更新：13:23:51
110055,伊力转债,sh600197,伊力特,C,16.41,2021-07-15,2019-09-23,2025-03-15,2023-03-15,,,100.000,y,43.43,30,30,0,0.00,,,38.64,110.000,n,130.000,15,30,0,,N,8.760,2.436,AA,AA,无担保,,,,shmb,2022年1月1日公告：本次（2021年12月13日至2021年12月31日）不提前赎回，至2022年6月30日均不提前赎回,,110055,110055,1.9860,704197,733197,,N,N,21.760,buy,R,,3.42,N,471949629.0,471949629.0,Y,26.45,16793.47,0.65%,00,buy,buy,buy,13:23:44,161.18,10.05%,2.986,-14.10%,-14.76%,177.380,177.380,-0.68%,16704.48,Y,0,0,G,-,,N,-,buy,-,25-03-15,187.43,21.33,11.49,2.0%,2.0%,"转债占流动市值比：2.0%
转债占总市值比：2.0%",0.00,600197,sh110055,有效期：-；质押代码：110055,110055；2019-09-23 开始转股,全价：177.380 最后更新：13:23:44
128081,海亮转债,sz002203,海亮股份,C,9.69,2021-06-23,2020-05-27,2025-11-21,2023-11-21,,,100.000,y,62.52,30,30,0,0.00,,,0.89,110.000,n,130.000,15,30,0,,X,31.500,30.055,AA,AA,无担保,,,,szmb,,,128081,128081,1.6136,082203,072203,,N,N,64.450,buy,R,,2.01,N,1966736410.0,1923941740.0,Y,10.85,3887.49,-0.18%,00,buy,buy,buy,13:23:51,111.97,10.16%,3.674,-2.09%,-2.77%,123.347,123.347,-0.60%,3342.73,Y,0,0,,-,,N,-,buy,-,25-11-21,133.51,12.60,6.78,14.4%,14.1%,"转债占流动市值比：14.4%
转债占总市值比：14.1%",0.00,002203,sz128081,有效期：-；质押代码：128081,128081；2020-05-27 开始转股,全价：123.347 最后更新：13:23:51
123080,海波转债,sz300517,海波重科,C,11.58,2021-06-01,2021-06-08,2026-12-01,2024-12-02,,,100.000,y,59.04,30,30,0,0.00,,,5.54,120.000,n,130.000,15,30,0,,X,2.450,2.435,A+,A+,无担保,,,,szcy,,,123080,123080,2.2955,380517,370517,,N,N,77.246,buy,,,2.89,N,192182818.0,112564498.0,Y,13.73,3481.27,1.18%,00,buy,buy,buy,13:23:51,118.57,10.19%,4.701,-0.79%,-1.68%,130.654,130.654,0.50%,1781.00,Y,0,0,,-,,N,-,buy,-,26-12-01,140.84,15.05,8.11,15.8%,9.2%,"转债占流动市值比：15.8%
转债占总市值比：9.2%",0.00,300517,sz123080,有效期：-；质押代码：123080,123080；2021-06-08 开始转股,全价：130.654 最后更新：13:23:51
123107,温氏转债,sz300498,温氏股份,C,17.62,2021-07-08,2021-10-08,2027-03-28,2025-03-28,,,100.000,y,59.27,30,30,0,0.81,2022-03-21,2022-03-21,0.77,108.000,n,130.000,15,30,0,,X,92.970,92.964,AAA,AAA,无,,,,szcy,,,123107,123107,1.4587,380498,370498,,N,N,73.790,buy,R,,3.67,N,6351814344.0,4728906382.0,Y,20.81,52157.43,-0.14%,00,buy,buy,buy,13:23:51,118.10,10.44%,5.022,-2.87%,-3.31%,130.428,130.428,-0.16%,9415.00,Y,0,0,,-,,N,-,buy,-,27-03-28,140.87,22.91,12.33,9.4%,7.0%,"转债占流动市值比：9.4%
转债占总市值比：7.0%",0.00,300498,sz123107,有效期：2022-03-21 到 2022-03-21；质押代码：123107,123107；2021-10-08 开始转股,全价：130.428 最后更新：13:23:51
110074,精达转债,sh600577,精达股份,C,3.73,2021-04-26,2021-02-25,2026-08-18,2024-08-19,,,100.000,y,46.63,30,30,0,0.00,,,12.95,112.000,n,130.000,15,30,0,,N,7.870,5.097,AA,AA,无担保,,,,shmb,2022年1月7日公告：本次（2021年12月16日至2022年1月6日）不提前赎回，至 2022年7月6日均不提前赎回,,110074,110074,0.4090,704577,733577,,N,N,62.152,buy,R,,2.54,N,1995704423.0,1995704423.0,Y,5.60,8210.97,-0.88%,00,buy,buy,buy,13:23:48,150.13,10.70%,4.414,-7.79%,-8.39%,166.190,166.190,1.09%,11116.13,Y,0,0,G,-,,N,-,buy,-,26-08-18,176.89,4.85,2.61,4.6%,4.6%,"转债占流动市值比：4.6%
转债占总市值比：4.6%",0.00,600577,sh110074,有效期：-；质押代码：110074,110074；2021-02-25 开始转股,全价：166.190 最后更新：13:23:48
113545,金能转债,sh603113,金能科技,C,10.43,2021-05-31,2020-04-20,2025-10-13,2023-10-13,,,100.000,y,57.99,30,30,0,0.00,,,2.40,110.000,n,130.000,15,30,0,,N,15.000,9.867,AA,AA,无担保,,,,shmb,2021年12月23日公告：本次（2021年12月3日至2021年12月23日）不提前赎回，至2022年3月22日均不提前赎回,,113545,113545,2.2190,753113,754113,,N,N,47.100,buy,R,,1.20,N,855071934.0,723665890.0,Y,12.59,6938.28,-1.25%,00,buy,buy,buy,13:23:50,120.71,10.79%,3.567,-4.39%,-5.06%,133.740,133.740,-1.48%,3200.35,Y,0,0,G,-,,N,-,buy,-,25-10-13,144.53,13.56,7.30,10.8%,9.2%,"转债占流动市值比：10.8%
转债占总市值比：9.2%",0.00,603113,sh113545,有效期：-；质押代码：113545,113545；2020-04-20 开始转股,全价：133.740 最后更新：13:23:50
111003,聚合转债,sh605166,聚合顺,C,14.63,,2022-09-12,2028-03-06,2026-03-06,,,100.000,y,77.64,30,30,0,0.00,,,,115.000,n,130.000,15,30,0,,X,2.040,2.040,AA-,AA-,股份质押的担保,,,,shmb,,,未到转股期,111003,0.6460,715166,713166,,N,N,75.030,-,,,3.12,N,315547000.0,187605112.0,Y,13.19,1505.26,-1.49%,00,buy,buy,buy,,90.16,10.91%,5.964,3.31%,2.68%,100.000,100.000,0.00%,0.00,Y,0,0,,-,,N,-,buy,-,28-03-06,110.91,19.02,10.24,8.2%,4.9%,"转债占流动市值比：8.2%
转债占总市值比：4.9%",0.00,605166,sh111003,有效期：-；质押代码：111003,未到转股期；2022-09-12 开始转股,待上市
118006,阿拉转债,sh688179,阿拉丁,C,63.72,,2022-09-21,2028-03-14,2026-03-16,,,100.000,y,77.76,30,30,0,0.00,,,,115.000,n,130.000,15,30,0,,X,3.874,3.874,A+,A+,无,,,,shkc,,,未到转股期,118006,3.8380,726179,718179,,N,N,78.420,-,R,,7.00,N,100933400.0,52514130.0,Y,57.36,1770.09,0.30%,00,buy,buy,buy,,90.02,11.09%,5.986,3.39%,2.75%,100.000,100.000,0.00%,0.00,Y,0,0,,-,,N,-,buy,-,28-03-14,111.09,82.84,44.60,12.9%,6.7%,"转债占流动市值比：12.9%
转债占总市值比：6.7%",0.00,688179,sh118006,有效期：-；质押代码：118006,未到转股期；2022-09-21 开始转股,待上市
123054,思特转债,sz300608,思特奇,C,12.63,2021-05-26,2020-12-16,2026-06-09,2024-06-10,,,100.000,y,55.92,30,30,0,0.00,,,76.60,115.000,n,130.000,15,30,2,,X,2.710,2.074,AA-,AA-,无担保,,,,szcy,,,123054,123054,1.7214,380608,370608,,N,N,69.580,buy,,,3.83,N,209910067.0,163171064.0,Y,15.81,19451.06,-0.63%,00,buy,buy,buy,13:23:51,125.18,11.21%,4.222,-3.31%,-4.12%,139.211,139.211,-0.14%,22324.36,Y,0,0,,-,,N,-,buy,-,26-06-09,150.42,16.42,8.84,8.0%,6.2%,"转债占流动市值比：8.0%
转债占总市值比：6.2%",0.00,300608,sz123054,有效期：-；质押代码：123054,123054；2020-12-16 开始转股,全价：139.211 最后更新：13:23:51
127038,国微转债,sz002049,紫光国微,C,137.78,,2021-12-17,2027-06-09,2025-06-09,,,100.000,y,45.67,30,30,0,0.00,,,4.05,110.000,n,130.000,15,30,0,,N,15.000,14.945,AA+,AA+,无,,,,szmb,2022年1月8日公告：本次（2021年12月17日至2022年1月7日）不提前赎回，至 2022年7月7日均不提前赎回,,127038,127038,2.4719,082049,072049,,N,N,46.570,buy,R,,18.99,N,606837179.0,606837179.0,Y,211.19,93781.52,2.53%,00,buy,buy,buy,13:23:51,153.28,11.17%,5.222,-7.43%,-7.87%,170.400,170.400,0.02%,10506.37,Y,0,0,G,-,,N,-,buy,-,27-06-09,181.57,179.11,96.45,1.2%,1.2%,"转债占流动市值比：1.2%
转债占总市值比：1.2%",0.00,002049,sz127038,有效期：-；质押代码：127038,127038；2021-12-17 开始转股,全价：170.400 最后更新：13:23:51
113525,台华转债,sh603055,台华新材,C,7.78,2021-05-28,2019-06-21,2024-12-16,2022-12-17,,,100.000,y,46.75,30,30,0,0.00,,,30.39,110.000,n,130.000,15,30,0,,N,5.330,1.854,AA,AA,无担保,,,,shmb,2021年12月28日公告：本次（2021年12月7日至2021年12月27日）不提前赎回，至2022年3月27日均不提前赎回,,113525,113525,0.9730,753055,754055,,N,N,29.060,buy,,,2.83,N,868878223.0,804675755.0,Y,11.65,4012.74,-3.80%,00,buy,buy,buy,13:23:52,149.74,11.74%,2.742,-13.43%,-14.15%,167.320,167.320,-3.00%,9565.79,Y,0,0,G,-,,N,-,buy,-,24-12-16,179.06,10.11,5.45,2.0%,1.8%,"转债占流动市值比：2.0%
转债占总市值比：1.8%",0.00,603055,sh113525,有效期：-；质押代码：113525,113525；2019-06-21 开始转股,全价：167.320 最后更新：13:23:52
113534,鼎胜转债,sh603876,鼎胜新材,C,15.18,2020-07-24,2019-10-16,2025-04-08,2023-04-10,,,100.000,y,28.32,30,30,0,0.00,,,18.97,110.000,n,130.000,15,30,0,,N,12.540,4.038,AA-,AA-,无担保,,,,shmb,2022年2月26日公告：本次（2022年1月10日至2022年2月25日）不提前赎回，至2022年5月25日均不提前赎回,,113534,113534,2.9160,753876,754876,,N,N,46.940,buy,,,3.85,N,485979784.0,485979784.0,Y,37.52,16396.95,0.97%,00,buy,buy,buy,13:23:48,247.17,11.58%,3.052,-25.44%,-25.99%,275.780,275.780,1.48%,21469.49,Y,1,1,G,-,,N,-,buy,-,25-04-08,287.36,19.73,10.63,2.2%,2.2%,"转债占流动市值比：2.2%
转债占总市值比：2.2%",0.00,603876,sh113534,有效期：-；质押代码：113534,113534；2019-10-16 开始转股,全价：275.780 最后更新：13:23:48
123071,天能转债,sz300569,天能重工,C,7.91,2021-08-02,2021-04-27,2026-10-20,2024-10-21,,,100.000,y,44.51,30,30,0,0.00,,,8.36,115.000,n,130.000,15,30,0,,N,7.000,6.943,AA-,AA-,无担保,,,,szcy,2021年10月15日公告：本次（2021年9月15日至2021年10月14日）不提前赎回，至2022年10月14日均不提前赎回,,123071,123071,1.7863,380569,370569,,N,N,70.512,buy,,,2.73,N,797386255.0,571997143.0,Y,12.44,18720.86,-4.75%,00,buy,buy,buy,13:23:51,157.27,11.93%,4.586,-8.04%,-8.72%,176.037,176.037,-4.59%,10557.48,Y,1,1,G,-,,N,-,buy,-,26-10-20,187.97,10.28,5.54,9.8%,7.0%,"转债占流动市值比：9.8%
转债占总市值比：7.0%",0.00,300569,sz123071,有效期：-；质押代码：123071,123071；2021-04-27 开始转股,全价：176.037 最后更新：13:23:51
127033,中装转2,sz002822,中装建设,C,6.28,2021-06-17,2021-10-22,2027-04-15,2025-04-15,,,100.000,y,61.92,30,30,0,0.00,,,9.26,112.000,n,130.000,15,30,0,,X,11.600,11.595,AA,AA,无,,,,szmb,,,127033,127033,1.6078,082822,072822,,N,N,25.080,buy,,,1.38,N,720541807.0,643799369.0,Y,7.10,36856.86,2.45%,00,buy,buy,buy,13:23:51,113.06,12.02%,5.071,-1.56%,-2.14%,126.650,126.650,1.01%,13634.01,Y,0,0,,-,,N,-,buy,-,27-04-15,138.67,8.16,4.40,25.4%,22.7%,"转债占流动市值比：25.4%
转债占总市值比：22.7%",0.00,002822,sz127033,有效期：-；质押代码：127033,127033；2021-10-22 开始转股,全价：126.650 最后更新：13:23:51
123114,三角转债,sz300775,三角防务,C,31.82,,2021-11-30,2027-05-24,2025-05-26,,,100.000,y,49.53,30,30,0,0.00,,,4.47,115.000,n,130.000,20,30,0,,N,9.044,9.036,AA-,AA-,无,,,,szcy,2021年12月27日公告：本次（2021年11月30日至2021年12月27日）不提前赎回，至2022年6月27日均不提前赎回,,123114,123114,1.8251,380775,370775,,N,N,70.489,buy,,,9.59,N,495521729.0,264021729.0,Y,44.97,13437.44,0.65%,00,buy,buy,buy,13:23:51,141.33,11.87%,5.178,-5.13%,-5.77%,158.108,158.108,-0.87%,6464.02,Y,0,0,G,-,,N,-,buy,-,27-05-24,169.98,41.37,22.27,7.6%,4.1%,"转债占流动市值比：7.6%
转债占总市值比：4.1%",0.00,300775,sz123114,有效期：-；质押代码：123114,123114；2021-11-30 开始转股,全价：158.108 最后更新：13:23:51
123012,万顺转债,sz300057,万顺新材,C,5.27,2021-05-17,2019-01-26,2024-07-20,2022-07-20,,,100.000,y,44.82,30,30,0,0.00,,,477.11,106.000,n,130.000,15,30,0,,N,9.500,1.224,AA-,AA-,无担保,,,,szcy,2022年1月24日公告：本次（2022年1月4日至2022年1月24日）不提前赎回，至2022年12月31日均不提前赎回,,123012,123012,2.1607,380057,370057,,N,N,2.190,buy,,,1.57,N,683677810.0,507463002.0,Y,8.23,17450.08,-4.30%,00,buy,buy,buy,13:23:51,156.17,12.06%,2.334,-18.53%,-19.09%,175.000,175.000,-8.52%,104033.96,Y,0,0,G,-,,N,-,buy,-,24-07-20,187.06,6.85,3.69,2.9%,2.2%,"转债占流动市值比：2.9%
转债占总市值比：2.2%",0.00,300057,sz123012,有效期：-；质押代码：123012,123012；2019-01-26 开始转股,全价：175.000 最后更新：13:23:51
123084,高澜转债,sz300499,高澜股份,C,9.01,2021-09-22,2021-06-16,2026-12-09,2024-12-09,,,100.000,y,50.02,30,30,0,0.00,,,40.82,115.000,n,130.000,15,30,0,,N,2.800,2.543,A+,A+,无担保,,,,szcy,2022年1月25日公告：本次（2022年1月4日至2022年1月24日）不提前赎回，至2022年3月31日均不提前赎回,,123084,123084,1.0061,380499,370499,,N,N,67.220,buy,,,3.75,N,280804041.0,241690999.0,Y,12.61,11979.65,1.53%,00,buy,buy,buy,13:23:51,139.96,12.39%,4.723,-5.45%,-6.16%,157.300,157.300,2.01%,16489.67,Y,1,1,G,-,,N,-,buy,-,26-12-09,169.69,11.71,6.31,8.3%,7.2%,"转债占流动市值比：8.3%
转债占总市值比：7.2%",0.00,300499,sz123084,有效期：-；质押代码：123084,123084；2021-06-16 开始转股,全价：157.300 最后更新：13:23:51
127014,北方转债,sz000065,北方国际,C,8.65,2021-06-25,2020-04-30,2025-10-23,2023-10-23,,,100.000,y,58.11,30,30,0,0.00,,,94.25,110.000,n,130.000,15,30,1,,X,5.780,5.344,AA+,AA+,无担保,,,,szmb,,,127014,127014,0.7514,080065,070065,,N,N,60.850,buy,,,1.32,N,774483509.0,678059923.0,Y,10.42,44340.54,2.36%,00,buy,buy,buy,13:23:51,120.46,12.43%,3.595,-4.69%,-5.36%,135.434,135.434,1.81%,68136.36,Y,0,0,,-,,N,-,buy,-,25-10-23,147.86,11.24,6.05,7.6%,6.6%,"转债占流动市值比：7.6%
转债占总市值比：6.6%",0.00,000065,sz127014,有效期：-；质押代码：127014,127014；2020-04-30 开始转股,全价：135.434 最后更新：13:23:51
123121,帝尔转债,sz300776,帝尔激光,C,192.24,2021-11-19,2022-02-11,2027-08-04,2025-08-04,,,100.000,y,53.53,30,30,0,0.00,,,37.86,115.000,n,130.000,15,30,1,,X,8.400,8.396,AA-,AA-,无,,,,szcy,,,123121,123121,7.9394,380776,370776,,N,N,85.950,buy,,,12.36,N,106270640.0,47471432.0,Y,251.39,24155.72,6.70%,00,buy,buy,buy,13:23:51,130.77,12.47%,5.375,-3.63%,-4.26%,147.080,147.080,2.64%,47875.12,Y,0,0,,-,,N,-,buy,-,27-08-04,159.55,249.91,134.57,7.0%,3.1%,"转债占流动市值比：7.0%
转债占总市值比：3.1%",0.00,300776,sz123121,有效期：-；质押代码：123121,123121；2022-02-11 开始转股,全价：147.080 最后更新：13:23:51
127007,湖广转债,sz000665,湖北广电,C,5.58,2020-07-17,2019-01-04,2024-06-28,2022-06-28,,,100.000,y,60.37,30,30,0,0.00,,,76.30,108.000,n,130.000,15,30,0,,N,17.336,4.144,AA+,AA+,无担保,,,,szmb,2022年1月27日公告：本次（从2021年12月24日至今）不提前赎回，至2022年7月26日均不提前赎回,,127007,127007,2.7248,080665,070665,,N,N,16.550,buy,R,,1.10,N,1014363870.0,1014306085.0,Y,6.47,41822.90,1.25%,00,buy,buy,buy,13:23:51,115.95,12.66%,2.274,-6.92%,-7.75%,130.630,130.630,1.22%,41553.81,Y,1,1,G,-,,N,-,buy,-,24-06-28,143.29,7.25,3.91,6.3%,6.3%,"转债占流动市值比：6.3%
转债占总市值比：6.3%",0.00,000665,sz127007,有效期：-；质押代码：127007,127007；2019-01-04 开始转股,全价：130.630 最后更新：13:23:51
132014,18中化EB,sh601117,中国化学,E,7.39,2021-09-10,2019-04-25,2023-04-24,2022-04-24,,,100.000,y,57.41,30,30,0,0.81,2022-03-21,2022-03-21,0.07,106.000,y,130.000,15,30,0,,X,35.000,14.887,AAA,AAA,预备用于交换的中国化学股票设定为本次债券的担保物,,,,shmb,,,132014,132014,,,,,Q,Q,,buy,R,,1.11,N,6109470588.0,5756529412.0,Y,9.01,47698.39,0.67%,00,buy,buy,buy,11:27:50,121.92,12.55%,1.093,-19.93%,-20.98%,136.400,137.219,2.58%,135.60,Y,0,0,,-,,N,-,buy,-,23-04-24,148.95,9.61,5.17,2.9%,2.7%,"转债占流动市值比：2.9%
转债占总市值比：2.7%",0.00,601117,sh132014,有效期：2022-03-21 到 2022-03-21；质押代码：132014,132014；2019-04-25 开始转股,全价：137.219 最后更新：11:27:50
113054,绿动转债,sh601330,绿色动力,C,9.82,,2022-09-05,2028-02-24,2026-02-24,,,100.000,y,78.92,30,30,0,0.00,,,,109.000,n,130.000,15,30,0,,X,23.600,23.600,AA+,AA+,无,,,,shmb,,,未到转股期,113054,2.3860,764330,783330,,N,N,26.740,-,,,2.08,N,1393440000.0,896184208.0,Y,8.71,3810.47,-0.46%,00,buy,buy,buy,,88.70,12.74%,5.934,2.19%,1.76%,100.000,100.000,0.00%,0.00,Y,0,0,,-,,N,-,buy,-,28-02-24,112.74,12.77,6.87,30.2%,19.4%,"转债占流动市值比：30.2%
转债占总市值比：19.4%",0.00,601330,sh113054,有效期：-；质押代码：113054,未到转股期；2022-09-05 开始转股,待上市
128141,旺能转债,sz002034,旺能环境,C,15.97,2021-05-31,2021-06-23,2026-12-16,2024-12-16,,,100.000,y,58.84,30,30,0,0.00,,,0.98,110.000,n,130.000,15,30,11,,X,14.000,12.702,AA,AA,无担保,,,,szmb,,,128141,128141,3.3225,082034,072034,,N,N,69.760,buy,,,1.57,N,429491129.0,426240243.0,Y,19.00,2826.98,-1.81%,00,buy,buy,buy,13:23:51,118.97,12.72%,4.742,-3.28%,-3.81%,134.101,134.101,0.41%,1666.24,Y,0,0,,-,,N,-,buy,-,26-12-16,146.82,20.76,11.18,15.7%,15.6%,"转债占流动市值比：15.7%
转债占总市值比：15.6%",0.00,002034,sz128141,有效期：-；质押代码：128141,128141；2021-06-23 开始转股,全价：134.101 最后更新：13:23:51
123060,苏试转债,sz300416,苏试试验,C,19.05,2022-01-11,2021-01-27,2026-07-20,2024-07-22,,,100.000,y,42.85,30,30,0,0.00,,,9.93,112.000,n,130.000,15,30,0,,N,3.100,3.096,AA-,AA-,无担保,,,,szcy,2021年11月5日公告：本次（2021年10月18日至2021年11月5日）不行使提前赎回权利，至2022年5月5日均不提前赎回,,123060,123060,1.5243,380416,370416,,N,N,75.120,buy,,,8.27,N,284582225.0,261781906.0,Y,31.12,5195.78,1.37%,00,buy,buy,buy,13:23:51,163.36,12.82%,4.334,-10.10%,-10.69%,184.310,184.310,1.83%,5713.14,Y,0,0,G,-,,N,-,buy,-,26-07-20,197.13,24.77,13.34,3.8%,3.5%,"转债占流动市值比：3.8%
转债占总市值比：3.5%",0.00,300416,sz123060,有效期：-；质押代码：123060,123060；2021-01-27 开始转股,全价：184.310 最后更新：13:23:51
110064,建工转债,sh600939,重庆建工,C,4.53,2021-07-22,2020-06-29,2025-12-19,2023-12-19,,,100.000,y,62.67,30,30,0,0.00,,,6.88,113.000,n,130.000,15,30,6,,X,16.600,12.648,AA+,AA+,无担保,,,,shmb,,,110064,110064,0.9140,704939,733939,,N,N,31.520,buy,,,0.89,Y,1814549279.0,1814549279.0,Y,5.06,17236.26,-0.78%,00,buy,buy,buy,13:23:51,111.70,13.25%,3.751,-1.61%,-2.47%,126.500,126.500,-0.24%,11076.80,Y,0,0,,-,,N,-,buy,-,25-12-19,139.75,5.89,3.17,13.8%,13.8%,"转债占流动市值比：13.8%
转债占总市值比：13.8%",0.00,600939,sh110064,有效期：-；质押代码：110064,110064；2020-06-29 开始转股,全价：126.500 最后更新：13:23:51
127013,创维转债,sz000810,创维数字,C,11.29,2021-06-10,2019-10-21,2025-04-15,2023-04-17,,,100.000,y,58.32,30,30,0,0.00,,,5.73,113.000,n,130.000,15,30,0,,X,10.400,9.777,AA,AA,无担保,,,,szmb,,,127013,127013,0.9821,080810,070810,,N,N,26.600,buy,R,,3.30,N,1063237105.0,1030222093.0,Y,13.55,24006.75,-1.31%,00,buy,buy,buy,13:23:51,120.02,13.28%,3.071,-4.79%,-5.71%,135.962,135.962,-0.47%,7631.07,Y,0,0,,-,,N,-,buy,-,25-04-15,149.24,14.68,7.90,7.0%,6.8%,"转债占流动市值比：7.0%
转债占总市值比：6.8%",0.00,000810,sz127013,有效期：-；质押代码：127013,127013；2019-10-21 开始转股,全价：135.962 最后更新：13:23:51
113637,华翔转债,sh603112,华翔股份,C,12.99,,2022-06-28,2027-12-22,2025-12-22,,,100.000,y,59.55,30,30,0,0.00,,,1.14,115.000,n,130.000,15,30,0,,X,8.000,8.000,AA-,AA-,无,,,,shmb,,,未到转股期,113637,1.8300,753112,754112,,N,N,77.900,buy,,,3.36,N,437212800.0,153864926.0,Y,15.27,2884.82,-2.30%,00,buy,buy,buy,13:23:49,117.55,13.33%,5.759,-1.69%,-2.29%,133.220,133.220,-1.96%,1232.74,Y,0,0,,-,,N,-,buy,-,27-12-22,146.55,16.89,9.09,34.0%,12.0%,"转债占流动市值比：34.0%
转债占总市值比：12.0%",0.00,603112,sh113637,有效期：-；质押代码：113637,未到转股期；2022-06-28 开始转股,全价：133.220 最后更新：13:23:49
113546,迪贝转债,sh603320,迪贝电气,C,14.00,2021-05-24,2020-04-29,2025-10-22,2023-10-23,,,100.000,y,60.68,30,30,0,0.00,,,124.11,115.000,n,130.000,15,30,0,,X,2.300,2.298,A+,A+,连带责任保证,,,,shmb,,,113546,113546,2.2990,753320,754320,,N,N,43.970,buy,,,2.73,N,130010167.0,130010167.0,Y,16.15,13019.10,3.13%,00,buy,buy,buy,13:23:49,115.36,13.44%,3.592,-2.48%,-3.39%,130.860,130.860,0.81%,37406.62,Y,0,0,,-,,N,-,buy,-,25-10-22,144.30,18.20,9.80,10.9%,10.9%,"转债占流动市值比：10.9%
转债占总市值比：10.9%",0.00,603320,sh113546,有效期：-；质押代码：113546,113546；2020-04-29 开始转股,全价：130.860 最后更新：13:23:49
123046,天铁转债,sz300587,天铁股份,C,6.73,2021-12-07,2020-09-25,2026-03-18,2024-03-18,,,100.000,y,26.25,30,30,0,0.00,,,464.13,112.000,n,130.000,15,30,0,,N,3.990,0.586,AA-,AA-,无担保,,,,szcy,2021年12月28日公告：本次（2021年12月7日至2021年12月27日）不提前赎回，至2022年6月27日均不提前赎回,,123046,123046,2.1957,380587,370587,,N,N,52.910,buy,,,6.60,N,628245517.0,478444620.0,Y,17.95,8777.14,4.24%,00,buy,buy,buy,13:23:51,266.72,13.53%,3.995,-21.46%,-21.99%,302.800,302.800,8.33%,83526.65,Y,0,0,G,-,,N,-,buy,-,26-03-18,316.33,8.75,4.71,0.7%,0.5%,"转债占流动市值比：0.7%
转债占总市值比：0.5%",0.00,300587,sz123046,有效期：-；质押代码：123046,123046；2020-09-25 开始转股,全价：302.800 最后更新：13:23:51
110061,川投转债,sh600674,川投能源,C,9.20,2021-07-15,2020-05-15,2025-11-10,2023-11-10,,,100.000,y,58.92,30,30,0,0.87,2022-03-21,2022-03-21,0.30,106.000,n,130.000,15,30,0,,N,40.000,39.616,AAA,AAA,无担保,,,,shmb,2021年9月28日公告：本次（2021年9月6日至2021年9月28日）期间不行使提前赎回权利，至2022年9月28日均不提前赎回,,110061,110061,0.9080,704674,733674,,N,N,81.590,buy,R,,1.54,N,4406155440.0,4406155440.0,Y,10.93,5090.70,-0.82%,00,buy,buy,buy,13:23:49,118.80,13.46%,3.644,-5.45%,-5.93%,134.790,134.790,-2.15%,1611.78,Y,0,0,G,-,,N,-,buy,-,25-11-10,148.25,11.96,6.44,8.2%,8.2%,"转债占流动市值比：8.2%
转债占总市值比：8.2%",0.00,600674,sh110061,有效期：2022-03-21 到 2022-03-21；质押代码：110061,110061；2020-05-15 开始转股,全价：134.790 最后更新：13:23:49
127028,英特转债,sz000411,英特集团,C,13.22,2021-12-24,2021-07-12,2027-01-04,2025-01-06,,,100.000,y,63.86,30,30,0,0.00,,,14.43,108.000,n,130.000,15,30,0,,X,6.000,5.983,AA+,AA+,无担保,,,,szmb,,,127028,127028,2.4102,080411,070411,,N,N,52.150,buy,,,1.96,N,255376150.0,207422211.0,Y,14.49,10335.85,2.99%,00,buy,buy,buy,13:23:51,109.61,13.87%,4.795,-2.12%,-2.59%,124.812,124.812,1.14%,10844.50,Y,1,1,,-,,N,-,buy,-,27-01-04,138.68,17.19,9.25,19.9%,16.2%,"转债占流动市值比：19.9%
转债占总市值比：16.2%",0.00,000411,sz127028,有效期：-；质押代码：127028,127028；2021-07-12 开始转股,全价：124.812 最后更新：13:23:51
127042,嘉美转债,sz002969,嘉美包装,C,4.87,,2022-02-14,2027-08-09,2025-08-11,,,100.000,y,65.31,30,30,0,0.00,,,2.75,112.000,n,130.000,15,30,0,,X,7.500,7.499,AA,AA,无,,,,szmb,,,127042,127042,0.7809,082969,072969,,N,N,8.550,-,,,2.19,N,962170735.0,444176962.0,Y,5.22,1425.88,-0.76%,00,buy,buy,buy,13:23:48,107.19,13.81%,5.389,-0.77%,-1.32%,121.998,121.998,-0.54%,2531.92,Y,0,0,,-,,N,-,buy,-,27-08-09,135.81,6.33,3.41,32.3%,14.9%,"转债占流动市值比：32.3%
转债占总市值比：14.9%",0.00,002969,sz127042,有效期：-；质押代码：127042,127042；2022-02-14 开始转股,全价：121.998 最后更新：13:23:48
123127,耐普转债,sz300818,耐普矿机,C,37.00,,2022-05-04,2027-10-28,2025-10-28,,,100.000,y,60.23,30,30,0,0.00,,,27.22,110.000,n,130.000,15,30,0,,X,4.000,4.000,A+,A+,无,,,,szcy,,,未到转股期,123127,5.7870,380818,370818,,N,N,22.780,buy,,,3.20,N,70000000.0,31453000.0,Y,43.00,7405.64,4.93%,00,buy,buy,buy,13:23:51,116.22,14.02%,5.608,-2.36%,-2.85%,132.510,132.510,2.83%,14573.28,Y,0,0,,-,,N,-,buy,-,27-10-28,146.53,48.10,25.90,29.6%,13.3%,"转债占流动市值比：29.6%
转债占总市值比：13.3%",0.00,300818,sz123127,有效期：-；质押代码：123127,未到转股期；2022-05-04 开始转股,全价：132.510 最后更新：13:23:51
127045,牧原转债,sz002714,牧原股份,C,47.91,,2022-02-21,2027-08-16,2025-08-15,,,100.000,y,61.29,30,30,0,0.00,,,0.86,107.000,n,130.000,15,30,0,,X,95.500,95.485,AA+,AA+,无,,,,szmb,,,127045,127045,1.8145,082714,072714,,N,N,84.360,buy,R,,5.12,Y,5262387691.0,3606491912.0,Y,54.72,138647.54,0.04%,00,buy,buy,buy,13:23:51,114.21,14.22%,5.408,-2.97%,-3.33%,130.450,130.450,-0.61%,10758.39,Y,0,0,,-,,N,-,buy,-,27-08-16,144.67,62.28,33.54,4.8%,3.3%,"转债占流动市值比：4.8%
转债占总市值比：3.3%",0.00,002714,sz127045,有效期：-；质押代码：127045,127045；2022-02-21 开始转股,全价：130.450 最后更新：13:23:51
128029,太阳转债,sz002078,太阳纸业,C,8.45,2021-07-08,2018-06-28,2022-12-22,2020-12-22,,,100.000,y,51.66,30,30,0,0.00,,,1.11,106.000,n,130.000,15,30,0,,N,12.000,9.086,AA+,AA+,无担保,,,,szmb,2022年1月1日公告：本次不提前赎回，至存续期结束前（即2022年12月22日前）均不行使提前赎回权利,,128029,128029,0.4628,082078,072078,,N,N,73.570,buy,R,,1.61,N,2687002843.0,2612712093.0,Y,11.45,12339.67,1.24%,00,buy,buy,buy,13:23:51,135.50,14.83%,0.756,-42.16%,-43.18%,155.588,155.588,0.70%,1563.17,Y,0,0,G,-,,N,-,buy,-,22-12-22,170.42,10.98,5.92,3.0%,3.0%,"转债占流动市值比：3.0%
转债占总市值比：3.0%",0.00,002078,sz128029,有效期：-；质押代码：128029,128029；2018-06-28 开始转股,全价：155.588 最后更新：13:23:51
128066,亚泰转债,sz002811,郑中设计,C,9.27,2021-06-15,2019-10-23,2025-04-17,2023-04-17,,,100.000,y,66.69,30,30,0,0.00,,,153.26,112.000,n,130.000,15,30,0,,X,4.800,4.796,AA-,AA-,"连带责任保证,保证人深圳市亚泰一兆投资有限公司",,,,szmb,,,128066,128066,2.6666,082811,072811,,N,N,77.910,buy,,,1.72,N,270023688.0,239078995.0,Y,9.73,9632.38,3.40%,00,buy,buy,buy,13:23:51,104.96,15.00%,3.077,-1.12%,-2.06%,120.704,120.704,-6.88%,88731.20,Y,1,1,,-,,N,-,buy,-,25-04-17,135.70,12.05,6.49,20.6%,18.3%,"转债占流动市值比：20.6%
转债占总市值比：18.3%",0.00,002811,sz128066,有效期：-；质押代码：128066,128066；2019-10-23 开始转股,全价：120.704 最后更新：13:23:51
113591,胜达转债,sh603687,大胜达,C,8.76,2021-06-11,2021-01-08,2026-06-30,2024-07-01,,,100.000,y,67.46,30,30,0,0.00,,,4.46,116.000,n,130.000,15,30,0,,X,5.500,4.775,AA-,AA-,股票质押担保,,,,shmb,,,113591,113591,1.3300,753687,754687,,N,N,69.650,buy,,,2.06,N,414413879.0,145371179.0,Y,9.09,684.71,0.33%,00,buy,buy,buy,13:23:45,103.77,15.19%,4.279,0.43%,-0.43%,119.530,119.530,-0.18%,2559.63,Y,2,2,,-,,N,-,buy,-,26-06-30,134.72,11.39,6.13,36.1%,12.7%,"转债占流动市值比：36.1%
转债占总市值比：12.7%",0.00,603687,sh113591,有效期：-；质押代码：113591,113591；2021-01-08 开始转股,全价：119.530 最后更新：13:23:45
128100,搜特转债,sz002503,搜于特,C,1.62,2021-08-17,2020-09-18,2026-03-11,2024-03-11,,,100.000,y,77.14,30,30,0,0.00,,,6.60,112.000,n,130.000,15,30,0,,X,8.000,7.983,BB,BB,无担保,,,,szmb,,,128100,128100,0.2622,082503,072503,,N,N,9.330,buy,R,,2.74,N,3092868251.0,2543064601.0,Y,1.47,8138.34,-1.34%,00,buy,buy,buy,13:23:51,90.74,14.48%,3.975,2.93%,2.18%,103.880,103.880,-0.37%,5490.08,Y,2,2,,-,,N,-,buy,-,26-03-11,118.36,2.11,1.13,21.4%,17.6%,"转债占流动市值比：21.4%
转债占总市值比：17.6%",0.00,002503,sz128100,有效期：-；质押代码：128100,128100；2020-09-18 开始转股,全价：103.880 最后更新：13:23:51
123057,美联转债,sz300586,美联新材,C,9.50,2021-07-12,2021-01-07,2026-06-30,2024-07-01,,,100.000,y,56.93,30,30,0,0.00,,,20.67,112.000,n,130.000,15,30,0,,N,2.070,2.065,AA-,AA-,无担保,,,,szcy,2021年12月13日公告：本次（2021年11月19日至2021年12月13日）不提前赎回，至2022年6月13日均不提前赎回,,123057,123057,0.4533,380586,370586,,N,N,82.410,buy,,,4.99,N,524481786.0,346958611.0,Y,11.68,6971.90,-0.09%,00,buy,buy,buy,13:23:51,122.95,15.49%,4.279,-4.37%,-5.04%,142.000,142.000,-1.69%,6155.01,Y,0,0,G,-,,N,-,buy,-,26-06-30,157.49,12.35,6.65,5.1%,3.4%,"转债占流动市值比：5.1%
转债占总市值比：3.4%",0.00,300586,sz123057,有效期：-；质押代码：123057,123057；2021-01-07 开始转股,全价：142.000 最后更新：13:23:51
110048,福能转债,sh600483,福能股份,C,7.85,2021-07-28,2019-06-13,2024-12-06,2022-12-07,,,100.000,y,50.32,30,30,0,0.00,,,4.06,109.000,n,130.000,15,30,0,,N,28.300,12.763,AA+,AA+,无担保,,,,shmb,2022年2月26日公告：本次（2022年2月7日至2022年2月25日）不提前赎回，至2022年5月25日均不提前赎回,,110048,110048,1.8230,704483,733483,,N,N,32.130,buy,R,,1.25,N,1954540075.0,1745999119.0,Y,10.92,12212.37,-3.36%,00,buy,buy,buy,13:23:49,139.11,15.70%,2.715,-12.58%,-13.27%,160.950,160.950,-2.56%,8428.95,Y,0,0,G,-,,N,-,buy,-,24-12-06,176.65,10.21,5.50,6.7%,6.0%,"转债占流动市值比：6.7%
转债占总市值比：6.0%",0.00,600483,sh110048,有效期：-；质押代码：110048,110048；2019-06-13 开始转股,全价：160.950 最后更新：13:23:49
113048,晶科转债,sh601778,晶科科技,C,5.46,2021-10-27,2021-10-29,2027-04-22,2025-04-22,,,100.000,y,60.09,30,30,0,0.00,,,2.72,112.000,n,130.000,15,30,0,,N,30.000,22.968,AA,AA,无,,,,shmb,2021年11月19日公告：本次（2021年10月29日至2021年11月18日）不行使提前赎回权利，至2022年5月18日均不提前赎回,,113048,113048,1.0840,764778,783778,,N,N,37.350,buy,,,1.55,N,2894312002.0,2040912002.0,Y,6.36,16919.81,-2.90%,00,buy,buy,buy,13:23:50,116.48,15.89%,5.090,-2.81%,-3.37%,134.990,134.990,-1.86%,8550.02,Y,1,1,G,-,,N,-,buy,-,27-04-22,150.88,7.10,3.82,17.7%,12.5%,"转债占流动市值比：17.7%
转债占总市值比：12.5%",0.00,601778,sh113048,有效期：-；质押代码：113048,113048；2021-10-29 开始转股,全价：134.990 最后更新：13:23:50
123031,晶瑞转债,sz300655,晶瑞电材,C,10.66,2022-02-07,2020-03-05,2025-08-28,2023-08-28,,,100.000,y,21.80,30,30,0,0.00,,,83.88,111.000,n,130.000,15,30,0,,N,1.850,0.530,A+,A+,无担保,,,,szcy,2022年1月18日公告：本次（2021年12月28日至2022年1月18日）不提前赎回，至2022年4月18日均不提前赎回,,123031,123031,1.2217,380655,370655,,N,N,8.110,buy,,,7.61,N,346457757.0,289337287.0,Y,34.23,24136.36,-2.65%,00,buy,buy,buy,13:23:51,321.11,16.49%,3.441,-29.31%,-29.81%,374.057,374.057,-2.18%,16823.63,Y,0,0,G,-,,N,-,buy,-,25-08-28,390.55,13.86,7.46,0.5%,0.4%,"转债占流动市值比：0.5%
转债占总市值比：0.4%",0.00,300655,sz123031,有效期：-；质押代码：123031,123031；2020-03-05 开始转股,全价：374.057 最后更新：13:23:51
123098,一品转债,sz300723,一品红,C,25.48,2021-08-25,2021-08-03,2027-01-27,2025-01-27,,,100.000,y,61.91,30,30,0,0.00,,,6.93,118.000,n,130.000,15,30,0,,N,4.800,4.236,AA-,AA-,无担保,,,,szcy,2022年1月5日公告：本次（2021年11月24日至2021年1月5日）不提前赎回，至2022年7月5日均不提前赎回,,123098,123098,3.0423,380723,370723,,N,N,85.150,buy,,,4.75,N,288034274.0,124345043.0,Y,28.81,3635.80,-1.34%,00,buy,buy,buy,13:23:51,113.07,16.74%,4.858,-1.37%,-2.16%,132.000,132.000,-1.07%,3921.42,Y,0,0,G,-,,N,-,buy,-,27-01-27,148.74,33.12,17.84,11.8%,5.1%,"转债占流动市值比：11.8%
转债占总市值比：5.1%",0.00,300723,sz123098,有效期：-；质押代码：123098,123098；2021-08-03 开始转股,全价：132.000 最后更新：13:23:51
123097,美力转债,sz300611,美力科技,C,9.28,2021-07-09,2021-08-02,2027-01-26,2025-01-27,,,100.000,y,66.56,30,30,0,0.00,,,1.34,115.000,n,130.000,15,30,0,,X,3.000,2.999,A+,A+,无,,,,szcy,,,123097,123097,1.7295,380611,370611,,N,N,57.250,buy,,,2.17,N,178963188.0,121740438.0,Y,9.76,654.95,0.62%,00,buy,buy,buy,13:23:48,105.17,16.95%,4.855,-0.33%,-1.06%,123.001,123.001,0.20%,495.90,Y,0,0,,-,,N,-,buy,-,27-01-26,139.95,12.06,6.50,25.2%,17.2%,"转债占流动市值比：25.2%
转债占总市值比：17.2%",0.00,300611,sz123097,有效期：-；质押代码：123097,123097；2021-08-02 开始转股,全价：123.001 最后更新：13:23:48
110085,通22转债,sh600438,通威股份,C,39.27,,2022-09-02,2028-02-23,2026-02-23,,,100.000,y,61.91,30,30,0,0.00,,,34.43,109.000,n,130.000,15,30,0,,X,120.000,120.000,AA+,AA+,无,,,,shmb,,,未到转股期,110085,2.6650,704438,733438,,N,N,81.490,-,R,,5.67,N,4501548184.0,4501548184.0,Y,44.40,132862.41,0.23%,00,buy,buy,buy,13:23:51,113.06,17.04%,5.932,-2.59%,-2.98%,132.330,132.330,2.56%,547132.63,Y,0,0,,-,,N,-,buy,-,28-02-23,149.37,51.05,27.49,6.0%,6.0%,"转债占流动市值比：6.0%
转债占总市值比：6.0%",0.00,600438,sh110085,有效期：-；质押代码：110085,未到转股期；2022-09-02 开始转股,全价：132.330 最后更新：13:23:51
128048,张行转债,sz002839,张家港行,C,5.60,2021-07-08,2019-05-16,2024-11-12,,,,,y,,15,30,0,0.00,,,0.46,109.000,n,130.000,15,30,0,,X,25.000,24.975,AA+,AA+,无担保,,,,szmb,,,128048,128048,1.3831,082839,072839,,N,N,28.880,buy,R,,0.75,N,1807959258.0,1718503681.0,Y,5.85,7066.31,-1.68%,00,buy,buy,buy,13:23:51,104.46,17.45%,2.649,-3.33%,-4.14%,122.684,122.684,-0.26%,1416.19,Y,0,0,,-,,N,-,buy,-,24-11-12,140.13,7.28,-,24.8%,23.6%,"转债占流动市值比：24.8%
转债占总市值比：23.6%",0.00,002839,sz128048,有效期：-；质押代码：128048,128048；2019-05-16 开始转股,全价：122.684 最后更新：13:23:51
123123,江丰转债,sz300666,江丰电子,C,51.43,2022-03-18,2022-02-18,2027-08-11,2025-08-11,,,100.000,y,58.65,30,30,0,0.00,,,32.90,115.000,n,130.000,15,30,0,,X,5.165,5.161,A+,A+,无,,,,szcy,,,123123,123123,2.2865,380666,370666,,N,N,34.450,buy,R,,10.21,N,231696720.0,165331748.0,Y,61.38,54197.79,-3.34%,00,buy,buy,buy,13:23:51,119.35,17.47%,5.395,-2.67%,-3.32%,140.206,140.206,-1.53%,24137.84,Y,0,0,,-,,N,-,buy,-,27-08-11,157.68,66.86,36.00,5.1%,3.6%,"转债占流动市值比：5.1%
转债占总市值比：3.6%",0.00,300666,sz123123,有效期：-；质押代码：123123,123123；2022-02-18 开始转股,全价：140.206 最后更新：13:23:51
128040,华通转债,sz002758,浙农股份,C,10.03,2022-01-17,2018-12-21,2024-06-13,2022-06-14,,,100.000,y,46.01,30,30,0,0.00,,,1162.65,108.000,n,130.000,15,30,0,,N,2.240,2.008,AA,AA,出质人钱木水、沈剑巢、朱国良将其合法拥有的公司股票作为质押资产进行质押担保，钱木水、沈剑巢、朱国良为本次发行可转债提供连带责任保证,,,,szmb,2022年3月11日公告：本次（2022年3月10日）不提前赎回，至2022年12月31日均不提前赎回,,128040,128040,1.0666,082758,072758,,N,N,29.770,buy,,,2.31,N,500508037.0,195027600.0,Y,15.26,31161.19,10.02%,00,buy,buy,buy,13:23:51,152.14,17.60%,2.233,-19.44%,-20.13%,178.923,178.923,15.20%,410699.72,Y,0,0,G,-,,N,-,buy,-,24-06-13,196.52,13.04,7.02,6.7%,2.6%,"转债占流动市值比：6.7%
转债占总市值比：2.6%",0.00,002758,sz128040,有效期：-；质押代码：128040,128040；2018-12-21 开始转股,全价：178.923 最后更新：13:23:51
123022,长信转债,sz300088,长信科技,C,6.05,2021-06-17,2019-09-23,2025-03-18,2023-03-18,,,100.000,y,49.36,30,30,0,0.00,,,23.37,110.000,n,130.000,15,30,0,,N,12.300,2.564,AA,AA,无担保,,,,szcy,2022年2月10日公告：本次（2021年12月23日至2022年2月10日）不提前赎回，至2022年5月10日均不提前赎回,,123022,123022,0.5350,380088,370088,,N,N,42.700,buy,R,,2.78,N,2454887088.0,2442659856.0,Y,8.58,35726.86,-0.23%,00,buy,buy,buy,13:23:51,141.82,17.74%,2.995,-12.29%,-12.97%,166.980,166.980,0.59%,10114.76,Y,0,0,G,-,,N,-,buy,-,25-03-18,184.72,7.87,4.24,1.2%,1.2%,"转债占流动市值比：1.2%
转债占总市值比：1.2%",0.00,300088,sz123022,有效期：-；质押代码：123022,123022；2019-09-23 开始转股,全价：166.980 最后更新：13:23:51
110080,东湖转债,sh600133,东湖高新,C,6.05,2021-06-18,2021-10-18,2027-04-11,2025-04-11,,,100.000,y,70.00,30,30,0,0.00,,,13.10,110.000,n,130.000,15,30,0,,X,15.500,15.494,AA,AA,无,,,,shmb,,,110080,110080,1.9480,704133,733133,,N,N,37.440,buy,R,,0.81,Y,795554742.0,795554742.0,Y,6.05,48293.50,3.07%,00,buy,buy,buy,13:23:51,100.00,17.81%,5.060,-0.47%,-1.00%,117.810,117.810,1.76%,23932.66,Y,0,0,,-,,N,-,buy,-,27-04-11,135.62,7.87,4.24,32.2%,32.2%,"转债占流动市值比：32.2%
转债占总市值比：32.2%",0.00,600133,sh110080,有效期：-；质押代码：110080,110080；2021-10-18 开始转股,全价：117.810 最后更新：13:23:51
110079,杭银转债,sh600926,杭州银行,C,12.99,2021-08-30,2021-10-08,2027-03-29,,,,,y,,0,0,0,0.79,2022-03-21,2022-03-21,1.54,108.000,n,130.000,15,30,0,,X,150.000,149.985,AAA,AAA,无,,,,shmb,,,110079,110079,2.5290,704926,733926,,N,N,42.340,buy,R,,0.91,Y,5930255051.0,5060459152.0,Y,13.44,21640.21,-2.33%,00,buy,buy,buy,13:23:51,103.46,17.76%,5.025,-1.62%,-2.05%,121.830,121.830,-1.40%,28241.42,Y,1,1,,-,,N,-,buy,-,27-03-29,139.59,16.89,-,22.1%,18.8%,"转债占流动市值比：22.1%
转债占总市值比：18.8%",0.00,600926,sh110079,有效期：2022-03-21 到 2022-03-21；质押代码：110079,110079；2021-10-08 开始转股,全价：121.830 最后更新：13:23:51
128109,楚江转债,sz002171,楚江新材,C,8.63,2021-05-31,2020-12-10,2026-06-03,2024-06-03,,,100.000,y,63.86,30,30,0,0.00,,,0.46,110.000,n,130.000,15,30,0,,N,18.300,18.226,AA,AA,无担保,,,,szmb,2021年11月30日公告：本次不行使楚江转债的提前赎回权利，至2022年11月29日均不提前赎回,,128109,128109,1.4176,082171,072171,,N,N,78.850,buy,R,,2.08,N,1334530042.0,1292996105.0,Y,9.46,6963.51,-0.73%,00,buy,buy,buy,13:23:51,109.62,17.73%,4.205,-2.78%,-3.39%,129.052,129.052,-1.23%,1101.15,Y,0,0,G,-,,N,-,buy,-,26-06-03,146.78,11.22,6.04,14.9%,14.4%,"转债占流动市值比：14.9%
转债占总市值比：14.4%",0.00,002171,sz128109,有效期：-；质押代码：128109,128109；2020-12-10 开始转股,全价：129.052 最后更新：13:23:51
123014,凯发转债,sz300407,凯发电气,C,8.05,2021-06-03,2019-02-11,2023-07-27,2021-07-27,,,100.000,y,54.23,30,30,0,0.00,,,365.19,106.000,n,130.000,15,30,0,,X,3.499,1.161,A+,A+,无担保,,,,szcy,,,123014,123014,1.2659,380407,370407,,N,N,45.880,buy,,,2.24,N,305096381.0,210891547.0,Y,10.39,19450.95,4.00%,00,buy,buy,buy,13:23:51,129.07,17.81%,1.351,-22.82%,-23.59%,152.062,152.062,4.84%,63816.50,Y,0,0,,-,,N,-,buy,-,23-07-27,169.87,10.46,5.63,5.3%,3.7%,"转债占流动市值比：5.3%
转债占总市值比：3.7%",0.00,300407,sz123014,有效期：-；质押代码：123014,123014；2019-02-11 开始转股,全价：152.062 最后更新：13:23:51
113017,吉视转债,sh601929,吉视传媒,C,2.23,2021-12-08,2018-07-03,2023-12-27,2021-12-27,,,100.000,y,69.38,30,30,0,0.00,,,5.71,106.000,n,130.000,15,30,0,,X,15.600,11.351,AA+,AA+,无担保,,,,shmb,,,113017,113017,0.5010,764929,783929,,N,N,3.800,buy,R,,1.00,N,3111176649.0,3111176649.0,Y,2.25,11941.53,-1.75%,00,buy,buy,buy,13:23:51,100.90,17.98%,1.770,-5.64%,-6.38%,119.040,119.040,-0.29%,7775.34,Y,1,1,,-,,N,-,buy,-,23-12-27,137.02,2.90,1.56,16.2%,16.2%,"转债占流动市值比：16.2%
转债占总市值比：16.2%",0.00,601929,sh113017,有效期：-；质押代码：113017,113017；2018-07-03 开始转股,全价：119.040 最后更新：13:23:51
110077,洪城转债,sh600461,洪城环境,C,6.71,2021-07-09,2021-05-26,2026-11-19,2024-11-19,,,100.000,y,64.34,30,30,0,0.00,,,1.17,110.000,n,130.000,15,30,0,,X,18.000,17.678,AA+,AA+,无担保,,,,shmb,,,110077,110077,1.8980,704461,733461,,N,N,81.140,buy,,,1.22,N,952838142.0,917723397.0,Y,7.30,2613.15,-1.88%,00,buy,buy,buy,13:23:49,108.79,18.26%,4.668,-2.72%,-3.21%,128.650,128.650,-0.87%,2705.79,Y,0,0,,-,,N,-,buy,-,26-11-19,146.91,8.72,4.70,26.4%,25.4%,"转债占流动市值比：26.4%
转债占总市值比：25.4%",0.00,600461,sh110077,有效期：-；质押代码：110077,110077；2021-05-26 开始转股,全价：128.650 最后更新：13:23:49
113050,南银转债,sh601009,南京银行,C,10.10,,2021-12-21,2027-06-14,,,,,y,,0,0,0,0.77,2022-03-21,2022-03-21,0.50,107.000,n,130.000,15,30,0,,X,200.000,199.160,AAA,AAA,无,,,,shmb,,,113050,113050,1.9980,764009,783009,,N,N,67.900,buy,R,,0.86,Y,10015417364.0,8490608315.0,Y,10.12,37494.10,0.10%,00,buy,buy,buy,13:23:49,100.20,18.43%,5.236,-1.25%,-1.64%,118.670,118.670,-0.24%,11925.17,Y,0,0,,-,,N,-,buy,-,27-06-14,137.10,13.13,-,23.2%,19.6%,"转债占流动市值比：23.2%
转债占总市值比：19.6%",0.00,601009,sh113050,有效期：2022-03-21 到 2022-03-21；质押代码：113050,113050；2021-12-21 开始转股,全价：118.670 最后更新：13:23:49
113044,大秦转债,sh601006,大秦铁路,C,7.18,2021-07-08,2021-06-18,2026-12-13,2024-12-13,,,100.000,y,77.09,30,30,0,0.68,2022-03-21,2022-03-21,0.37,108.000,n,120.000,15,30,0,,X,320.000,319.992,AAA,AAA,无担保,,,,shmb,,,113044,113044,2.1520,764006,783006,,N,N,72.460,buy,R,,0.78,N,14866908025.0,14866908025.0,Y,6.52,19160.38,-2.10%,00,buy,buy,buy,13:23:47,90.81,18.62%,4.734,1.21%,0.67%,107.720,107.720,-0.20%,12798.86,Y,0,0,,-,,N,-,buy,-,26-12-13,126.34,8.62,5.03,33.0%,33.0%,"转债占流动市值比：33.0%
转债占总市值比：33.0%",0.00,601006,sh113044,有效期：2022-03-21 到 2022-03-21；质押代码：113044,113044；2021-06-18 开始转股,全价：107.720 最后更新：13:23:47
128044,岭南转债,sz002717,岭南股份,C,3.43,2021-12-01,2019-02-20,2024-08-14,2022-08-14,,,100.000,y,68.40,30,30,0,0.00,,,6.26,107.000,n,130.000,15,30,1,,X,6.600,6.575,AA-,AA-,无担保,,,,szmb,,,128044,128044,0.6542,082717,072717,,N,N,40.500,buy,,,1.21,N,1684827068.0,1126151303.0,Y,3.51,16210.33,-2.50%,00,buy,buy,buy,13:23:51,102.33,18.29%,2.403,-3.86%,-4.61%,121.045,121.045,-0.68%,5008.52,Y,2,2,,-,,N,-,buy,-,24-08-14,139.34,4.46,2.40,16.6%,11.1%,"转债占流动市值比：16.6%
转债占总市值比：11.1%",0.00,002717,sz128044,有效期：-；质押代码：128044,128044；2019-02-20 开始转股,全价：121.045 最后更新：13:23:51
128075,远东转债,sz002406,远东传动,C,5.29,2021-07-13,2020-03-27,2025-09-23,2023-09-25,,,100.000,y,66.96,30,30,0,0.00,,,0.92,110.000,n,130.000,15,30,0,,X,8.940,5.438,AA,AA,无担保,,,,szmb,,,128075,128075,1.5930,082406,072406,,N,N,42.076,buy,,,1.02,N,624158139.0,496148542.0,Y,5.53,1372.07,-0.18%,00,buy,buy,buy,13:23:45,104.54,18.61%,3.512,-2.34%,-3.04%,124.000,124.000,0.05%,620.00,Y,0,0,,-,,N,-,buy,-,25-09-23,142.61,6.88,3.70,19.8%,15.8%,"转债占流动市值比：19.8%
转债占总市值比：15.8%",0.00,002406,sz128075,有效期：-；质押代码：128075,128075；2020-03-27 开始转股,全价：124.000 最后更新：13:23:45
113051,节能转债,sh601016,节能风电,C,4.05,,2021-12-27,2027-06-21,2025-06-20,,,100.000,y,60.19,30,30,0,0.00,,,2.70,110.000,n,130.000,15,30,0,,N,30.000,29.991,AA+,AA+,无担保,,,,shmb,2022年1月18日公告：本次（2021年12月27日至2022年1月17日）不提前赎回，至2023年1月17日均不提前赎回,,113051,113051,0.5980,764016,783016,,N,N,63.210,buy,R,,2.22,N,5012803683.0,4480613364.0,Y,4.71,27259.14,-2.48%,00,buy,buy,buy,13:23:52,116.30,19.29%,5.255,-3.64%,-4.10%,138.730,138.730,-0.80%,11302.21,Y,0,0,G,-,,N,-,buy,-,27-06-21,158.02,5.26,2.83,14.2%,12.7%,"转债占流动市值比：14.2%
转债占总市值比：12.7%",0.00,601016,sh113051,有效期：-；质押代码：113051,113051；2021-12-27 开始转股,全价：138.730 最后更新：13:23:52
123105,拓尔转债,sz300229,拓尔思,C,9.96,2021-08-12,2021-09-27,2027-03-18,2025-03-18,,,100.000,y,64.08,30,30,0,0.00,,,8.35,115.000,n,130.000,15,30,0,,X,8.000,7.999,AA-,AA-,无,,,,szcy,,,123105,123105,1.1157,380229,370229,,N,N,57.500,buy,,,3.22,N,714757283.0,713331742.0,Y,10.88,19078.90,5.22%,00,buy,buy,buy,13:23:51,109.24,19.00%,4.995,-1.50%,-2.19%,130.000,130.000,2.28%,8744.09,Y,0,0,,-,,N,-,buy,-,27-03-18,149.00,12.95,6.97,10.3%,10.3%,"转债占流动市值比：10.3%
转债占总市值比：10.3%",0.00,300229,sz123105,有效期：-；质押代码：123105,123105；2021-09-27 开始转股,全价：130.000 最后更新：13:23:51
110053,苏银转债,sh600919,江苏银行,C,6.37,2021-06-18,2019-09-20,2025-03-13,,,,,y,,15,30,0,0.77,2022-03-21,2022-03-21,0.40,111.000,n,130.000,15,30,0,,X,200.000,199.993,AAA,AAA,无担保,,,,shmb,,,110053,110053,1.7320,704919,733919,,N,N,26.970,buy,R,,0.50,N,14769628784.0,14679866951.0,Y,6.41,43728.97,-1.23%,00,buy,buy,buy,13:23:52,100.63,19.23%,2.981,-0.92%,-1.90%,119.980,119.980,-0.12%,9504.17,Y,0,0,,-,,N,-,buy,-,25-03-13,139.21,8.28,-,21.3%,21.1%,"转债占流动市值比：21.3%
转债占总市值比：21.1%",0.00,600919,sh110053,有效期：2022-03-21 到 2022-03-21；质押代码：110053,110053；2019-09-20 开始转股,全价：119.980 最后更新：13:23:52
123112,万讯转债,sz300112,万讯自控,C,8.93,2021-05-28,2021-10-14,2027-04-07,2025-04-07,,,100.000,y,64.91,30,30,0,0.00,,,3.27,118.000,n,130.000,15,30,0,,X,2.457,2.454,AA-,AA-,无,,,,szcy,,,123112,123112,0.8599,380112,370112,,N,N,30.520,buy,,,2.39,N,285779089.0,219186741.0,Y,9.63,2581.04,-0.41%,00,buy,buy,buy,13:23:42,107.84,19.34%,5.049,-0.69%,-1.48%,128.700,128.700,0.01%,1039.35,Y,0,0,,-,,N,-,buy,-,27-04-07,148.04,11.61,6.25,11.6%,8.9%,"转债占流动市值比：11.6%
转债占总市值比：8.9%",0.00,300112,sz123112,有效期：-；质押代码：123112,123112；2021-10-14 开始转股,全价：128.700 最后更新：13:23:42
127049,希望转2,sz000876,新希望,C,14.45,,2022-05-09,2027-11-01,2025-11-03,,,100.000,y,65.90,30,30,0,0.78,2022-03-21,2022-03-21,0.50,107.000,n,130.000,15,30,0,,X,81.500,81.500,AAA,AAA,无,,,,szmb,,,未到转股期,127049,1.8400,080876,070876,,N,N,72.271,buy,R,,2.00,N,4505211342.0,4325422589.0,Y,15.35,62389.90,1.05%,00,buy,buy,buy,13:23:51,106.23,19.47%,5.619,-2.36%,-2.71%,126.910,126.910,0.09%,5244.27,Y,0,0,,-,,N,-,buy,-,27-11-01,146.38,18.79,10.12,12.3%,11.8%,"转债占流动市值比：12.3%
转债占总市值比：11.8%",0.00,000876,sz127049,有效期：2022-03-21 到 2022-03-21；质押代码：127049,未到转股期；2022-05-09 开始转股,全价：126.910 最后更新：13:23:51
118000,嘉元转债,sh688388,嘉元科技,C,78.74,2021-05-06,2021-09-01,2027-02-22,2025-02-24,,,100.000,y,58.04,30,30,0,0.00,,,14.36,115.000,n,130.000,15,30,0,,N,12.400,9.789,AA-,AA-,无,,,,shkc,2022年1月18日公告：本次（2021年12月25日至2022年1月17日）不提前赎回，至2022年7月18日均不提前赎回,,118000,118000,5.3700,726388,718388,,N,N,70.922,buy,R,,6.98,N,234191983.0,170867583.0,Y,94.96,24406.26,3.56%,00,buy,buy,buy,13:23:52,120.60,19.52%,4.929,-3.62%,-4.29%,144.140,144.140,2.85%,20379.06,Y,0,0,G,-,,N,-,buy,-,27-02-22,163.66,102.36,55.12,6.0%,4.4%,"转债占流动市值比：6.0%
转债占总市值比：4.4%",0.00,688388,sh118000,有效期：-；质押代码：118000,118000；2021-09-01 开始转股,全价：144.140 最后更新：13:23:52
128145,日丰转债,sz002953,日丰股份,C,13.66,2021-06-02,2021-09-27,2027-03-21,2025-03-21,,,100.000,y,67.24,30,30,0,0.00,,,1.00,110.000,n,130.000,15,30,0,,X,3.800,3.797,AA-,AA-,股份质押的担保方式,,,,szmb,,,128145,128145,2.1854,082953,072953,,N,N,79.780,buy,,,2.78,N,243382760.0,74669185.0,Y,14.22,1438.38,-0.97%,00,buy,buy,buy,13:23:51,104.10,19.51%,5.000,-1.57%,-2.10%,124.409,124.409,-0.23%,474.97,Y,0,0,,-,,N,-,buy,-,27-03-21,143.92,17.76,9.56,35.8%,11.0%,"转债占流动市值比：35.8%
转债占总市值比：11.0%",0.00,002953,sz128145,有效期：-；质押代码：128145,128145；2021-09-27 开始转股,全价：124.409 最后更新：13:23:51
110052,贵广转债,sh600996,贵广网络,C,7.94,2020-07-17,2019-09-11,2025-03-05,2023-03-05,,,100.000,y,68.87,30,30,0,0.00,,,12.62,113.000,n,130.000,15,30,1,,X,16.000,14.229,AA+,AA+,无担保,,,,shmb,,,110052,110052,1.5340,704996,733996,,N,N,32.835,buy,R,,2.13,N,1051709579.0,1051709579.0,Y,8.07,19749.57,-1.94%,00,buy,buy,buy,13:23:51,101.64,19.56%,2.959,-1.38%,-2.35%,121.520,121.520,0.02%,21958.69,Y,0,0,,-,,N,-,buy,-,25-03-05,141.08,10.32,5.56,16.8%,16.8%,"转债占流动市值比：16.8%
转债占总市值比：16.8%",0.00,600996,sh110052,有效期：-；质押代码：110052,110052；2019-09-11 开始转股,全价：121.520 最后更新：13:23:51
110081,闻泰转债,sh600745,闻泰科技,C,96.69,2022-01-19,2022-02-07,2027-07-27,2025-07-28,,,100.000,y,64.80,30,30,0,0.00,,,2.13,108.000,n,130.000,15,30,0,,X,86.000,85.983,AA+,AA+,无,,,,shmb,,,110081,110081,6.9070,704745,733745,,N,N,55.670,buy,R,,3.95,N,1246337883.0,936735451.0,Y,104.45,47463.14,0.71%,00,buy,buy,buy,13:23:50,108.03,19.43%,5.353,-2.65%,-3.04%,129.020,129.020,-1.21%,23833.50,Y,0,0,,-,,N,-,buy,-,27-07-27,148.45,125.70,67.68,8.8%,6.6%,"转债占流动市值比：8.8%
转债占总市值比：6.6%",0.00,600745,sh110081,有效期：-；质押代码：110081,110081；2022-02-07 开始转股,全价：129.020 最后更新：13:23:50
113056,重银转债,sh601963,重庆银行,C,11.28,,2022-09-29,2028-03-22,,,,,y,,0,0,0,,,,,110.000,n,130.000,15,30,0,,X,130.000,130.000,AAA,AAA,无,,,,shmb,,,未到转股期,113056,6.8580,764963,783963,,N,N,,-,,,0.70,N,3474505339.0,691358077.0,Y,9.44,35101.92,-0.53%,00,buy,buy,buy,,83.69,19.49%,6.000,2.52%,2.03%,100.000,100.000,0.00%,0.00,Y,0,0,,-,,N,-,buy,-,28-03-22,119.49,14.66,-,199.2%,39.6%,"转债占流动市值比：199.2%
转债占总市值比：39.6%",0.00,601963,sh113056,有效期：-；质押代码：113056,未到转股期；2022-09-29 开始转股,待上市
123027,蓝晓转债,sz300487,蓝晓科技,C,29.03,2022-03-03,2019-12-17,2025-06-10,2023-06-12,,,100.000,y,24.27,30,30,0,0.00,,,48.03,113.000,n,130.000,15,30,0,,N,3.400,1.070,A+,A+,无担保,,,,szcy,2022年1月29日公告：本次（2021年12月17日至2022年1月28日）不提前赎回，至2022年4月29日前均不提前赎回,,123027,123027,1.6461,380487,370487,,N,N,71.900,buy,,,9.22,N,219674509.0,128363816.0,Y,83.73,12268.21,0.87%,00,buy,buy,buy,13:23:51,288.43,19.77%,3.225,-28.66%,-29.29%,345.458,345.458,1.13%,17925.54,Y,0,0,G,-,,N,-,buy,-,25-06-10,365.23,37.74,20.32,1.0%,0.6%,"转债占流动市值比：1.0%
转债占总市值比：0.6%",0.00,300487,sz123027,有效期：-；质押代码：123027,123027；2019-12-17 开始转股,全价：345.458 最后更新：13:23:51
113011,光大转债,sh601818,光大银行,C,3.55,2021-07-21,2017-09-18,2023-03-17,,,,,n,,0,0,0,0.71,2022-03-21,2022-03-21,0.62,105.000,n,130.000,15,30,0,,X,300.000,241.980,AAA,AAA,无担保,,,,shmb,,,113011,113011,0.7530,764818,783818,4,N,N,,buy,R,,0.36,Y,54031920728.0,41353185228.0,Y,3.18,23337.75,-0.93%,00,buy,buy,buy,13:23:48,89.58,20.52%,0.989,-2.77%,-3.71%,107.960,107.960,-0.16%,16196.38,Y,0,0,,-,,N,-,buy,-,23-03-17,128.48,4.62,-,18.4%,14.1%,"转债占流动市值比：18.4%
转债占总市值比：14.1%",0.00,601818,sh113011,有效期：2022-03-21 到 2022-03-21；质押代码：113011,113011；2017-09-18 开始转股,全价：107.960 最后更新：13:23:48
113629,泉峰转债,sh603982,泉峰汽车,C,23.03,,2022-03-22,2027-09-14,2025-09-15,,,100.000,y,62.08,30,30,0,0.00,,,3.35,115.000,n,130.000,15,30,0,,X,6.200,6.200,AA-,AA-,无,,,,shmb,,,未到转股期,113629,3.0780,753982,754982,,N,N,36.230,buy,,,2.87,N,201415700.0,81723140.0,Y,25.97,5605.12,-0.88%,00,buy,buy,buy,13:23:40,112.77,20.32%,5.488,-2.10%,-2.73%,135.680,135.680,-0.25%,2847.87,Y,0,0,,-,,N,-,buy,-,27-09-14,156.00,29.94,16.12,29.2%,11.9%,"转债占流动市值比：29.2%
转债占总市值比：11.9%",0.00,603982,sh113629,有效期：-；质押代码：113629,未到转股期；2022-03-22 开始转股,全价：135.680 最后更新：13:23:40
127030,盛虹转债,sz000301,东方盛虹,C,13.53,2022-01-27,2021-09-27,2027-03-21,2025-03-21,,,100.000,y,61.58,30,30,0,0.00,,,0.50,108.000,n,130.000,15,30,0,,N,50.000,49.984,AA+,AA+,无,,,,szmb,2021年9月22日公告，截止9月22日触发本次不赎回，至2022年3月26日前均不提前赎回,,127030,127030,1.0341,080301,070301,,N,N,77.630,buy,R,,4.67,N,5946492038.0,2066742102.0,Y,15.38,33924.32,-0.45%,00,buy,buy,buy,13:23:51,113.67,20.70%,5.000,-3.98%,-4.40%,137.197,137.197,-0.08%,3410.84,Y,0,0,G,-,,N,-,buy,-,27-03-21,157.90,17.59,9.47,15.7%,5.5%,"转债占流动市值比：15.7%
转债占总市值比：5.5%",0.00,000301,sz127030,有效期：-；质押代码：127030,127030；2021-09-27 开始转股,全价：137.197 最后更新：13:23:51
113621,彤程转债,sh603650,彤程新材,C,32.62,2021-06-08,2021-08-02,2027-01-25,2025-01-27,,,100.000,y,57.53,30,30,0,0.00,,,21.32,110.000,n,130.000,15,30,0,,X,8.000,5.366,AA,AA,无,,,,shmb,,,113621,113621,1.3650,753650,754650,,N,N,92.530,buy,,,8.66,N,597152450.0,594057853.0,Y,39.69,24798.45,-3.76%,00,buy,buy,buy,13:23:46,121.67,20.60%,4.852,-5.01%,-5.51%,146.730,146.730,-3.32%,17025.86,Y,0,0,,-,,N,-,buy,-,27-01-25,167.33,42.41,22.83,2.3%,2.3%,"转债占流动市值比：2.3%
转债占总市值比：2.3%",0.00,603650,sh113621,有效期：-；质押代码：113621,113621；2021-08-02 开始转股,全价：146.730 最后更新：13:23:46
127055,精装转债,sz002989,中天精装,C,23.52,,2022-08-29,2028-02-21,2026-02-23,,,100.000,y,84.65,30,30,0,0.00,,,,115.000,n,130.000,15,30,0,,X,5.770,5.770,AA-,AA-,无,,,,szmb,,,未到转股期,127055,3.8110,082989,072989,,N,N,56.970,-,,,1.75,N,151400000.0,76340000.0,Y,19.45,1528.48,-1.32%,00,buy,buy,buy,,82.70,20.92%,5.926,3.22%,2.61%,100.000,100.000,0.00%,0.00,Y,0,0,,-,,N,-,buy,-,28-02-21,120.92,30.58,16.46,38.9%,19.6%,"转债占流动市值比：38.9%
转债占总市值比：19.6%",0.00,002989,sz127055,有效期：-；质押代码：127055,未到转股期；2022-08-29 开始转股,待上市
123103,震安转债,sz300767,震安科技,C,56.89,2021-06-11,2021-09-22,2027-03-11,2025-03-11,,,100.000,y,62.32,30,30,0,0.00,,,15.83,115.000,n,130.000,15,30,0,,N,2.850,2.525,A+,A+,无,,,,szcy,2021年10月21日公告：本次（2021年9月22日至2021年10月19日）不行使提前赎回权利，至2022年4月20日均不提前赎回,,123103,123103,1.9791,380767,370767,,N,N,53.950,buy,,,10.23,N,202170726.0,118282633.0,Y,63.90,12729.44,-5.04%,00,buy,buy,buy,13:23:48,112.32,21.32%,4.975,-2.42%,-3.11%,136.270,136.270,-1.75%,5559.99,Y,0,0,G,-,,N,-,buy,-,27-03-11,157.59,73.96,39.82,3.3%,2.0%,"转债占流动市值比：3.3%
转债占总市值比：2.0%",0.00,300767,sz123103,有效期：-；质押代码：123103,123103；2021-09-22 开始转股,全价：136.270 最后更新：13:23:48
128087,孚日转债,sz002083,孚日股份,C,4.50,2021-04-28,2020-06-23,2025-12-17,2023-12-18,,,100.000,y,73.94,30,30,0,0.00,,,4.62,108.000,n,130.000,15,30,0,,X,6.500,6.494,AA-,AA-,无担保,,,,szmb,,,128087,128087,0.7403,082083,072083,,N,N,47.200,buy,,,1.03,N,908053353.0,905440652.0,Y,4.26,5071.85,-1.62%,00,buy,buy,buy,13:23:51,94.67,21.87%,3.745,-0.73%,-1.32%,115.375,115.375,-0.48%,3493.59,Y,1,1,,-,,N,-,buy,-,25-12-17,137.25,5.85,3.15,16.8%,16.8%,"转债占流动市值比：16.8%
转债占总市值比：16.8%",0.00,002083,sz128087,有效期：-；质押代码：128087,128087；2020-06-23 开始转股,全价：115.375 最后更新：13:23:51
113600,新星转债,sh603978,深圳新星,C,23.85,,2021-02-19,2026-08-12,2024-08-12,,,100.000,y,64.94,30,30,0,0.00,,,6.58,120.000,n,130.000,15,30,0,,X,5.950,4.533,AA-,AA-,股份质押担保,,,,shmb,,,113600,113600,3.7180,753978,754978,,N,N,75.984,buy,,,2.56,N,165939476.0,165939476.0,Y,25.71,4848.37,-0.89%,00,buy,buy,buy,13:23:35,107.80,21.69%,4.397,-1.00%,-1.95%,131.180,131.180,1.08%,3934.52,Y,0,0,,-,,N,-,buy,-,26-08-12,152.87,31.00,16.70,10.6%,10.6%,"转债占流动市值比：10.6%
转债占总市值比：10.6%",0.00,603978,sh113600,有效期：-；质押代码：113600,113600；2021-02-19 开始转股,全价：131.180 最后更新：13:23:35
123120,隆华转债,sz300263,隆华科技,C,7.76,,2022-02-07,2027-07-29,2025-07-29,,,100.000,y,64.28,30,30,0,0.00,,,2.54,115.000,n,130.000,15,30,0,,X,7.989,7.985,AA-,AA-,无,,,,szcy,,,123120,123120,0.8835,380263,370263,,N,N,74.938,buy,,,2.56,N,914221304.0,767911745.0,Y,8.45,6059.04,-1.52%,00,buy,buy,buy,13:23:51,108.89,21.75%,5.359,-1.71%,-2.36%,132.570,132.570,-0.05%,2703.37,Y,0,0,,-,,N,-,buy,-,27-07-29,154.32,10.09,5.43,12.3%,10.3%,"转债占流动市值比：12.3%
转债占总市值比：10.3%",0.00,300263,sz123120,有效期：-；质押代码：123120,123120；2022-02-07 开始转股,全价：132.570 最后更新：13:23:51
128101,联创转债,sz002036,联创电子,C,13.72,2021-06-07,2020-09-21,2026-03-16,2024-03-18,,,100.000,y,57.93,30,30,0,0.00,,,31.54,110.000,n,130.000,15,30,0,,N,3.000,2.995,AA,AA,无担保,,,,szmb,2022年1月25日公告：本次（2022年1月4日至2022年1月24日）不提前赎回，至2022年7月24日均不提前赎回,,128101,128101,0.4208,082036,072036,,N,N,25.381,buy,R,,4.46,N,1062825458.0,1045944926.0,Y,16.58,40017.53,1.41%,00,buy,buy,buy,13:23:51,120.85,21.79%,3.989,-6.24%,-6.82%,147.184,147.184,0.88%,14063.03,Y,0,0,G,-,,N,-,buy,-,26-03-16,168.97,17.84,9.60,1.7%,1.7%,"转债占流动市值比：1.7%
转债占总市值比：1.7%",0.00,002036,sz128101,有效期：-；质押代码：128101,128101；2020-09-21 开始转股,全价：147.184 最后更新：13:23:51
128140,润建转债,sz002929,润建股份,C,26.40,2021-06-07,2021-06-15,2026-12-04,2024-12-06,,,100.000,y,61.19,30,30,0,0.00,,,0.99,110.000,n,130.000,15,30,0,,N,10.900,10.897,AA,AA,无担保,,,,szmb,2021年11月25日公告：本次（2021年11月08日至2021年11月24日）不行使提前赎回权利，至2022年12月31日均不提前赎回,,128140,128140,4.9377,082929,072929,,N,N,83.270,buy,,,1.96,N,228746606.0,168524617.0,Y,30.20,5776.83,-1.72%,00,buy,buy,buy,13:23:51,114.39,21.86%,4.710,-4.09%,-4.62%,139.400,139.400,-2.18%,1515.91,Y,0,0,G,-,,N,-,buy,-,26-12-04,161.26,34.32,18.48,21.4%,15.8%,"转债占流动市值比：21.4%
转债占总市值比：15.8%",0.00,002929,sz128140,有效期：-；质押代码：128140,128140；2021-06-15 开始转股,全价：139.400 最后更新：13:23:51
128037,岩土转债,sz002542,中化岩土,C,3.10,2021-07-07,2018-09-21,2024-03-15,2022-03-15,,,100.000,y,73.06,30,30,0,0.00,,,4.99,108.000,n,130.000,15,30,0,,X,6.037,6.024,AA,AA,无担保,,,,szmb,,,128037,128037,0.3333,082542,072542,,N,N,13.370,buy,,,1.31,N,1805339752.0,1498193375.0,Y,2.97,9849.17,0.00%,00,buy,buy,buy,13:23:51,95.81,22.75%,1.986,-3.43%,-4.30%,117.609,117.609,0.62%,3545.50,Y,1,1,,-,,N,-,buy,-,24-03-15,140.36,4.03,2.17,13.5%,11.2%,"转债占流动市值比：13.5%
转债占总市值比：11.2%",0.00,002542,sz128037,有效期：-；质押代码：128037,128037；2018-09-21 开始转股,全价：117.609 最后更新：13:23:51
123045,雷迪转债,sz300652,雷迪克,C,19.63,2021-07-01,2020-09-18,2026-03-11,2024-03-11,,,100.000,y,67.49,30,30,0,0.00,,,5.09,113.000,n,130.000,15,30,0,,X,2.880,1.660,A+,A+,无担保,,,,szcy,,,123045,123045,3.2784,380652,370652,,N,N,44.120,buy,,,1.97,N,94082005.0,83507961.0,Y,20.36,1079.04,-0.54%,00,buy,buy,buy,13:23:51,103.72,22.54%,3.975,-1.85%,-2.62%,127.100,127.100,-0.14%,1076.43,Y,0,0,,-,,N,-,buy,-,26-03-11,149.64,25.52,13.74,9.8%,8.7%,"转债占流动市值比：9.8%
转债占总市值比：8.7%",0.00,300652,sz123045,有效期：-；质押代码：123045,123045；2020-09-18 开始转股,全价：127.100 最后更新：13:23:51
128053,尚荣转债,sz002551,尚荣医疗,C,4.88,2021-08-11,2019-08-20,2025-02-14,2023-02-14,,,100.000,y,67.38,30,30,0,0.00,,,15.50,110.000,n,130.000,15,30,0,,X,7.500,1.901,AA,AA,未提供担保,,,,szmb,,,128053,128053,1.0624,082551,072551,,N,N,15.800,buy,,,1.35,N,844685819.0,610250754.0,Y,5.07,4830.21,-0.59%,00,buy,buy,buy,13:23:51,103.89,22.58%,2.907,-4.00%,-4.78%,127.350,127.350,-0.25%,3774.58,Y,0,0,,-,,N,-,buy,-,25-02-14,149.93,6.34,3.42,6.1%,4.4%,"转债占流动市值比：6.1%
转债占总市值比：4.4%",0.00,002551,sz128053,有效期：-；质押代码：128053,128053；2019-08-20 开始转股,全价：127.350 最后更新：13:23:51
110043,无锡转债,sh600908,无锡银行,C,5.61,2021-07-06,2018-08-05,2024-01-30,,,,,y,,15,30,0,0.00,,,0.79,106.000,n,130.000,15,30,0,,X,30.000,29.214,AA+,AA+,无担保,,,,shmb,,,110043,110043,1.6230,704908,733908,,N,N,37.110,buy,,,0.65,N,1861675522.0,1763699985.0,Y,5.39,5854.85,-2.00%,00,buy,buy,buy,13:23:21,96.08,22.56%,1.863,-4.90%,-5.59%,117.760,117.760,0.14%,2727.01,Y,2,2,,-,,N,-,buy,-,24-01-30,140.32,7.29,-,30.7%,29.1%,"转债占流动市值比：30.7%
转债占总市值比：29.1%",0.00,600908,sh110043,有效期：-；质押代码：110043,110043；2018-08-05 开始转股,全价：117.760 最后更新：13:23:21
110075,南航转债,sh600029,南方航空,C,6.24,,2021-04-21,2026-10-14,2024-10-14,,,100.000,y,66.48,30,30,0,0.82,2022-03-21,2022-03-21,0.83,106.500,n,130.000,15,30,0,,X,160.000,58.960,AAA,AAA,无担保,,,,shmb,,,110075,110075,1.4470,704029,733029,,N,N,76.060,buy,R,,1.51,N,16948445233.0,10219865927.0,Y,6.57,19410.39,-2.23%,00,buy,buy,buy,13:23:45,105.29,22.81%,4.570,-3.56%,-3.93%,129.310,129.310,-0.84%,6376.03,Y,0,0,,-,,N,-,buy,-,26-10-14,152.12,8.11,4.37,8.8%,5.3%,"转债占流动市值比：8.8%
转债占总市值比：5.3%",0.00,600029,sh110075,有效期：2022-03-21 到 2022-03-21；质押代码：110075,110075；2021-04-21 开始转股,全价：129.310 最后更新：13:23:45
123035,利德转债,sz300296,利亚德,C,6.96,2021-05-24,2020-05-20,2025-11-13,2023-11-13,,,100.000,y,65.40,30,30,0,0.00,,,1.07,110.000,n,130.000,15,30,6,,X,8.000,7.988,AA+,AA+,无担保,,,,szcy,,,123035,123035,0.3174,380296,370296,,N,N,53.270,buy,R,,2.47,N,2542901478.0,2085452066.0,Y,7.45,18907.31,-0.53%,00,buy,buy,buy,13:23:42,107.04,22.96%,3.652,-3.86%,-4.52%,131.620,131.620,0.29%,1132.09,Y,0,0,,-,,N,-,buy,-,25-11-13,154.58,9.05,4.87,5.1%,4.2%,"转债占流动市值比：5.1%
转债占总市值比：4.2%",0.00,300296,sz123035,有效期：-；质押代码：123035,123035；2020-05-20 开始转股,全价：131.620 最后更新：13:23:42
128030,天康转债,sz002100,天康生物,C,7.40,2021-12-24,2018-06-28,2023-12-22,2021-12-22,,,100.000,y,43.75,30,30,0,0.00,,,18.91,108.000,n,130.000,15,30,0,,N,10.000,0.871,AA,AA,无担保,,,,szmb,2022年1月15日公告：本次（2021年12月22日至2022年1月12日）不提前赎回，至2022年7月13日均不提前赎回,,128030,128030,1.0380,082100,072100,,N,N,57.690,buy,R,,2.85,N,1353856588.0,1076406924.0,Y,11.84,20754.68,0.25%,00,buy,buy,buy,13:23:51,160.00,23.50%,1.756,-28.63%,-29.33%,197.594,197.594,1.88%,3238.26,Y,0,0,G,-,,N,-,buy,-,23-12-22,221.09,9.62,5.18,0.7%,0.5%,"转债占流动市值比：0.7%
转债占总市值比：0.5%",0.00,002100,sz128030,有效期：-；质押代码：128030,128030；2018-06-28 开始转股,全价：197.594 最后更新：13:23:51
123082,北陆转债,sz300016,北陆药业,C,8.81,2021-06-29,2021-06-11,2026-12-06,2024-12-06,,,100.000,y,71.05,30,30,0,0.00,,,2.20,115.000,n,130.000,15,30,0,,X,5.000,4.993,A+,A+,无担保,,,,szcy,,,123082,123082,1.0111,380016,370016,,N,N,71.430,buy,,,2.31,N,492717587.0,406759212.0,Y,8.68,9053.65,-0.34%,00,buy,buy,buy,13:23:51,98.52,23.49%,4.715,-0.08%,-0.85%,121.660,121.660,-0.16%,1346.28,Y,1,1,,-,,N,-,buy,-,26-12-06,145.15,11.45,6.17,14.1%,11.7%,"转债占流动市值比：14.1%
转债占总市值比：11.7%",0.00,300016,sz123082,有效期：-；质押代码：123082,123082；2021-06-11 开始转股,全价：121.660 最后更新：13:23:51
123059,银信转债,sz300231,银信科技,C,9.72,2021-04-16,2021-01-21,2026-07-14,2024-07-15,,,100.000,y,68.52,30,30,0,0.00,,,4.76,118.000,n,130.000,15,30,0,,X,3.913,3.913,AA-,AA-,无担保,,,,szcy,,,123059,123059,0.9342,380231,370231,,N,N,64.200,buy,,,3.00,N,442100220.0,366722265.0,Y,9.93,26408.90,-4.89%,00,buy,buy,buy,13:23:51,102.16,23.58%,4.318,-0.48%,-1.39%,126.250,126.250,-1.62%,2376.17,Y,0,0,,-,,N,-,buy,-,26-07-14,149.83,12.64,6.80,10.7%,8.9%,"转债占流动市值比：10.7%
转债占总市值比：8.9%",0.00,300231,sz123059,有效期：-；质押代码：123059,123059；2021-01-21 开始转股,全价：126.250 最后更新：13:23:51
111000,起帆转债,sh605222,起帆电缆,C,20.10,2021-10-29,2021-11-29,2027-05-24,2025-05-23,,,100.000,y,69.14,30,30,0,0.00,,,0.14,115.000,n,130.000,15,30,0,,X,10.000,9.995,AA-,AA-,无,,,,shmb,,,111000,111000,,715222,713222,,N,N,35.980,buy,,,2.37,N,418213213.0,100016213.0,Y,20.35,1706.31,-0.44%,00,buy,buy,buy,13:23:26,101.24,23.91%,5.178,-0.79%,-1.46%,125.450,125.450,0.26%,170.63,Y,0,0,,-,,N,-,buy,-,27-05-24,149.36,26.13,14.07,49.1%,11.7%,"转债占流动市值比：49.1%
转债占总市值比：11.7%",0.00,605222,sh111000,有效期：-；质押代码：111000,111000；2021-11-29 开始转股,全价：125.450 最后更新：13:23:26
113033,利群转债,sh601366,利群股份,C,7.01,2020-07-20,2020-10-09,2026-03-31,2024-04-01,,,100.000,y,77.40,30,30,0,0.00,,,0.67,110.000,n,130.000,15,30,0,,X,18.000,17.998,AA,AA,无担保,,,,shmb,,,113033,113033,2.0910,764366,783366,,N,N,50.370,buy,,,1.18,N,860527080.0,834046738.0,Y,6.34,2192.59,-0.16%,00,buy,buy,buy,13:23:42,90.44,23.91%,4.030,0.64%,-0.03%,112.060,112.060,0.09%,1348.84,Y,0,0,,-,,N,-,buy,-,26-03-31,135.97,9.11,4.91,34.0%,33.0%,"转债占流动市值比：34.0%
转债占总市值比：33.0%",0.00,601366,sh113033,有效期：-；质押代码：113033,113033；2020-10-09 开始转股,全价：112.060 最后更新：13:23:42
128021,兄弟转债,sz002562,兄弟科技,C,5.19,2021-01-08,2018-06-04,2023-11-28,2021-11-28,,,100.000,y,69.07,30,30,0,0.00,,,224.27,106.000,n,130.000,20,30,0,,X,7.000,2.653,AA,AA,无担保,,,,szmb,,,128021,128021,1.2929,082562,072562,,N,N,88.590,buy,,,1.87,N,1062875349.0,700080851.0,Y,5.26,40041.07,4.78%,00,buy,buy,buy,13:23:51,101.35,24.25%,1.690,-9.01%,-9.75%,125.928,125.928,0.50%,77249.95,Y,1,1,,-,,N,-,buy,-,23-11-28,150.18,6.75,3.63,7.2%,4.7%,"转债占流动市值比：7.2%
转债占总市值比：4.7%",0.00,002562,sz128021,有效期：-；质押代码：128021,128021；2018-06-04 开始转股,全价：125.928 最后更新：13:23:51
110038,济川转债,sh600566,济川药业,C,23.40,2021-05-26,2018-05-17,2022-11-12,2020-11-13,,,100.000,y,48.39,30,30,0,0.00,,,5.00,100.000,y,125.000,15,30,0,,X,8.430,6.302,AA,AA,无担保,,,,shmb,,,110038,110038,1.0410,704566,733566,,N,N,15.921,buy,R,,2.48,N,888273021.0,888273021.0,Y,24.18,23915.75,-1.43%,00,buy,buy,buy,13:23:47,103.33,24.18%,0.647,-26.88%,-28.33%,128.320,128.320,-0.53%,4096.55,Y,1,1,,-,,N,-,buy,-,22-11-12,152.50,29.25,11.70,2.9%,2.9%,"转债占流动市值比：2.9%
转债占总市值比：2.9%",0.00,600566,sh110038,有效期：-；质押代码：110038,110038；2018-05-17 开始转股,全价：128.320 最后更新：13:23:47
113502,嘉澳转债,sh603822,嘉澳环保,C,44.64,2021-06-24,2018-05-17,2023-11-09,2021-11-10,,,100.000,y,66.88,30,30,0,0.00,,,15.03,108.000,n,130.000,15,30,0,,X,1.850,1.843,AA-,A+,公司控股股东桐乡市顺昌投资有限公司,,,,shmb,,,113502,113502,2.5220,753822,754822,,N,N,59.814,buy,,,3.94,N,73363291.0,72518870.0,Y,46.72,5598.48,0.15%,00,buy,buy,buy,13:23:44,104.66,24.42%,1.638,-9.98%,-10.95%,130.220,130.220,0.67%,3628.80,Y,0,0,,-,,N,-,buy,-,23-11-09,154.64,58.03,31.25,5.4%,5.4%,"转债占流动市值比：5.4%
转债占总市值比：5.4%",0.00,603822,sh113502,有效期：-；质押代码：113502,113502；2018-05-17 开始转股,全价：130.220 最后更新：13:23:44
123100,朗科转债,sz300543,朗科智能,C,11.61,2021-05-26,2021-08-23,2027-02-08,2025-02-10,,,100.000,y,72.95,30,30,0,0.00,,,1.01,112.000,n,130.000,15,30,0,,X,3.800,3.799,AA-,AA-,无,,,,szcy,,,123100,123100,1.8421,380543,380543,,N,N,12.940,buy,,,2.86,N,268174890.0,199696919.0,Y,11.14,1610.62,-0.80%,00,buy,buy,buy,13:23:51,95.95,24.52%,4.890,-0.42%,-1.03%,119.480,119.480,-1.12%,464.80,Y,0,0,,-,,N,-,buy,-,27-02-08,144.00,15.09,8.13,17.1%,12.7%,"转债占流动市值比：17.1%
转债占总市值比：12.7%",0.00,300543,sz123100,有效期：-；质押代码：123100,123100；2021-08-23 开始转股,全价：119.480 最后更新：13:23:51
128036,金农转债,sz002548,金新农,C,6.93,2021-06-25,2018-09-16,2024-03-09,2022-03-09,,,100.000,y,61.56,30,30,0,0.00,,,377.60,106.000,n,130.000,15,30,0,,X,6.500,1.457,AA-,AA-,无担保,,,,szmb,,,128036,128036,1.7081,082548,072548,,N,N,41.370,buy,R,,2.29,N,690742821.0,541382586.0,Y,7.88,36319.04,3.55%,00,buy,buy,buy,13:23:51,113.71,24.71%,1.970,-13.09%,-13.72%,141.810,141.810,2.39%,78816.43,Y,0,0,,-,,N,-,buy,-,24-03-09,166.52,9.01,4.85,3.4%,2.7%,"转债占流动市值比：3.4%
转债占总市值比：2.7%",0.00,002548,sz128036,有效期：-；质押代码：128036,128036；2018-09-16 开始转股,全价：141.810 最后更新：13:23:51
127020,中金转债,sz000060,中金岭南,C,4.63,2021-06-18,2021-01-25,2026-07-19,2024-07-22,,,100.000,y,73.49,30,30,0,0.00,,,0.61,110.000,n,130.000,15,30,0,,X,38.000,34.279,AA+,AA+,无担保,,,,szmb,,,127020,127020,1.0645,080060,070060,,N,N,55.990,buy,R,,1.23,N,3650034613.0,3648835938.0,Y,4.41,16043.38,-1.56%,00,buy,buy,buy,13:23:51,95.25,24.81%,4.332,-1.08%,-1.63%,118.883,118.883,-0.13%,2484.22,Y,0,0,,-,,N,-,buy,-,26-07-19,143.69,6.02,3.24,21.3%,21.3%,"转债占流动市值比：21.3%
转债占总市值比：21.3%",0.00,000060,sz127020,有效期：-；质押代码：127020,127020；2021-01-25 开始转股,全价：118.883 最后更新：13:23:51
113527,维格转债,sh603518,锦泓集团,C,9.85,2020-08-05,2019-07-30,2025-01-23,2023-01-23,,,100.000,y,70.86,30,30,0,0.00,,,16.92,115.000,n,130.000,15,30,0,,X,7.460,2.863,AA,AA,无担保,2022-03-21,2022-03-21,2022-03-21 至 2022-03-21 期间暂停转股：非公开发行股票,shmb,,,113527,113527,4.1310,753518,754518,,N,N,4.910,buy,,,1.17,N,347198247.0,296629684.0,Y,9.73,4184.96,2.10%,00,buy,buy,buy,13:23:40,98.78,25.23%,2.847,-1.52%,-2.62%,123.700,123.700,1.14%,6024.46,N,1,1,,-,,N,-,buy,-,25-01-23,148.93,12.80,6.89,9.9%,8.5%,"转债占流动市值比：9.9%
转债占总市值比：8.5%",0.00,603518,sh113527,有效期：-；质押代码：113527,113527；2019-07-30 开始转股;2022-03-21 至 2022-03-21 期间暂停转股：非公开发行股票,全价：123.700 最后更新：13:23:40
128042,凯中转债,sz002823,凯中精密,C,10.09,2022-03-08,2019-02-03,2024-07-30,2022-07-30,,,100.000,y,72.81,30,30,0,0.00,,,0.74,112.000,n,130.000,15,30,0,,X,4.160,4.155,AA,AA,张浩宇、吴瑛,,,,szmb,,,128042,128042,1.4274,082823,072823,,N,N,36.290,buy,,,1.98,N,287092904.0,156124934.0,Y,9.70,1377.30,-1.32%,00,buy,buy,buy,13:23:51,96.13,25.49%,2.362,-1.93%,-3.05%,120.634,120.634,-0.70%,374.01,Y,1,1,,-,,N,-,buy,-,24-07-30,146.12,13.12,7.06,27.4%,14.9%,"转债占流动市值比：27.4%
转债占总市值比：14.9%",0.00,002823,sz128042,有效期：-；质押代码：128042,128042；2019-02-03 开始转股,全价：120.634 最后更新：13:23:51
113549,白电转债,sh603861,白云电器,C,9.06,2021-11-16,2020-05-21,2025-11-14,2023-11-14,,,100.000,y,73.32,30,30,0,0.00,,,1.40,110.000,n,130.000,15,30,0,,X,8.800,8.048,AA,AA,无担保,,,,shmb,,,113549,113549,1.9470,753861,753861,,N,N,62.480,buy,,,1.40,N,435960858.0,421289381.0,Y,8.65,1176.49,-0.92%,00,buy,buy,buy,13:23:51,95.47,26.41%,3.655,-1.50%,-2.19%,120.680,120.680,-0.30%,1366.88,Y,0,0,,-,,N,-,buy,-,25-11-14,147.09,11.78,6.34,22.1%,21.3%,"转债占流动市值比：22.1%
转债占总市值比：21.3%",0.00,603861,sh113549,有效期：-；质押代码：113549,113549；2020-05-21 开始转股,全价：120.680 最后更新：13:23:51
110063,鹰19转债,sh600567,山鹰国际,C,3.26,2021-07-05,2020-06-19,2025-12-12,2023-12-12,,,100.000,y,76.58,30,30,0,0.00,,,0.31,111.000,n,130.000,15,30,0,,X,18.600,18.092,AA+,AA+,无担保,,,,shmb,,,110063,110063,0.4120,704567,733567,,N,N,31.650,buy,R,,0.83,N,4616166707.0,4616166707.0,Y,2.98,9299.99,-1.32%,00,buy,buy,buy,13:22:52,91.41,26.22%,3.732,0.01%,-0.73%,115.380,115.380,-0.31%,653.19,Y,0,0,,-,,N,-,buy,-,25-12-12,141.60,4.24,2.28,13.2%,13.2%,"转债占流动市值比：13.2%
转债占总市值比：13.2%",0.00,600567,sh110063,有效期：-；质押代码：110063,110063；2020-06-19 开始转股,全价：115.380 最后更新：13:22:52
113047,旗滨转债,sh601636,旗滨集团,C,12.80,2021-06-18,2021-10-15,2027-04-08,2025-04-08,,,100.000,y,68.03,30,30,0,0.00,,,7.33,110.000,n,130.000,15,30,0,,X,15.000,14.989,AA+,AA+,,,,,shmb,,,113047,113047,0.5640,764636,783636,,N,N,65.120,buy,R,,2.82,N,2686288065.0,2686288065.0,Y,13.17,64252.71,-1.05%,00,buy,buy,buy,13:23:51,102.89,26.35%,5.052,-2.60%,-3.08%,130.000,130.000,-1.47%,14702.96,Y,0,0,,-,,N,-,buy,-,27-04-08,156.35,16.64,8.96,4.2%,4.2%,"转债占流动市值比：4.2%
转债占总市值比：4.2%",0.00,601636,sh113047,有效期：-；质押代码：113047,113047；2021-10-15 开始转股,全价：130.000 最后更新：13:23:51
123062,三超转债,sz300554,三超新材,C,17.13,2021-06-07,2021-02-01,2026-07-26,2024-07-26,,,100.000,y,71.59,30,30,0,0.00,,,4.45,113.000,n,130.000,15,30,0,,X,1.950,1.948,A,A,无担保,,,,szcy,,,123062,123062,2.0833,380554,370554,,N,N,77.000,buy,,,2.69,N,93613367.0,65242104.0,Y,16.75,1485.74,0.96%,00,buy,buy,buy,13:23:24,97.78,26.48%,4.351,-0.86%,-1.62%,123.670,123.670,0.46%,1079.81,Y,0,0,,-,,N,-,buy,-,26-07-26,150.15,22.27,11.99,17.8%,12.4%,"转债占流动市值比：17.8%
转债占总市值比：12.4%",0.00,300554,sz123062,有效期：-；质押代码：123062,123062；2021-02-01 开始转股,全价：123.670 最后更新：13:23:24
128073,哈尔转债,sz002615,哈尔斯,C,5.70,2021-12-31,2020-02-28,2024-08-22,2022-08-22,,,100.000,y,74.30,30,30,0,0.00,,,1.72,112.000,n,130.000,15,30,0,,X,3.000,2.987,AA-,AA-,股份质押的担保方式,,,,szmb,,,128073,128073,0.7309,082615,072615,,N,N,27.880,buy,,,2.45,N,414119070.0,231116395.0,Y,5.37,1449.45,-1.29%,00,buy,buy,buy,13:23:39,94.21,26.52%,2.425,-1.67%,-2.71%,119.199,119.199,-0.29%,614.33,Y,0,0,,-,,N,-,buy,-,24-08-22,145.72,7.41,3.99,24.1%,13.4%,"转债占流动市值比：24.1%
转债占总市值比：13.4%",0.00,002615,sz128073,有效期：-；质押代码：128073,128073；2020-02-28 开始转股,全价：119.199 最后更新：13:23:39
128139,祥鑫转债,sz002965,祥鑫科技,C,26.38,2022-01-25,2021-06-07,2026-11-30,2024-11-29,,,100.000,y,72.59,30,30,0,0.00,,,12.85,115.000,n,130.000,15,30,0,,X,6.470,6.469,AA-,AA-,无担保,,,,szmb,,,128139,128139,4.2933,082965,072965,,N,N,84.000,buy,,,2.08,N,153471577.0,74946477.0,Y,25.44,6391.98,-2.00%,00,buy,buy,buy,13:23:51,96.44,26.61%,4.699,-0.27%,-1.01%,122.100,122.100,-0.73%,10224.62,Y,1,1,,-,,N,-,buy,-,26-11-30,148.71,34.29,18.47,33.9%,16.6%,"转债占流动市值比：33.9%
转债占总市值比：16.6%",0.00,002965,sz128139,有效期：-；质押代码：128139,128139；2021-06-07 开始转股,全价：122.100 最后更新：13:23:51
128119,龙大转债,sz002726,龙大美食,C,9.29,2021-08-12,2021-01-18,2026-07-12,2024-07-15,,,100.000,y,71.07,30,30,0,0.00,,,1.47,115.000,n,130.000,15,30,0,,X,9.500,9.461,AA,AA,无担保,,,,szmb,,,128119,128119,0.9516,082726,072726,,N,N,73.670,buy,R,,2.35,N,1078910267.0,1071611404.0,Y,9.15,8266.40,0.00%,00,buy,buy,buy,13:23:24,98.49,26.69%,4.312,-0.94%,-1.72%,124.780,124.780,0.63%,1748.02,Y,0,0,,-,,N,-,buy,-,26-07-12,151.47,12.08,6.50,9.6%,9.6%,"转债占流动市值比：9.6%
转债占总市值比：9.6%",0.00,002726,sz128119,有效期：-；质押代码：128119,128119；2021-01-18 开始转股,全价：124.780 最后更新：13:23:24
128121,宏川转债,sz002930,宏川智慧,C,19.89,2021-10-11,2021-01-25,2026-07-16,2024-07-16,,,100.000,y,73.16,30,30,0,0.00,,,1.18,108.000,n,130.000,15,30,0,,X,6.700,6.699,AA-,AA-,无担保,,,,szmb,,,128121,128121,1.5099,082930,072930,,N,N,77.700,buy,,,3.74,N,446826731.0,424324536.0,Y,19.03,689.62,-0.89%,00,buy,buy,buy,13:23:42,95.68,26.70%,4.323,-1.67%,-2.19%,121.225,121.225,-0.72%,965.62,Y,0,0,,-,,N,-,buy,-,26-07-16,147.92,25.86,13.92,8.3%,7.9%,"转债占流动市值比：8.3%
转债占总市值比：7.9%",0.00,002930,sz128121,有效期：-；质押代码：128121,128121；2021-01-25 开始转股,全价：121.225 最后更新：13:23:42
128034,江银转债,sz002807,江阴银行,C,4.32,2021-05-13,2018-08-01,2024-01-26,,,,,y,,15,30,0,0.00,,,0.56,106.000,n,130.000,15,30,0,,X,20.000,17.581,AA+,AA+,无担保,,,,szmb,,,128034,128034,1.1316,082807,072807,,N,N,37.000,buy,,,0.65,N,2172009851.0,2169436768.0,Y,3.75,4655.34,0.27%,00,buy,buy,buy,13:23:51,86.81,26.88%,1.852,-1.41%,-2.14%,110.146,110.146,-0.49%,1081.14,Y,2,2,,-,,N,-,buy,-,24-01-26,137.03,5.62,-,21.6%,21.6%,"转债占流动市值比：21.6%
转债占总市值比：21.6%",0.00,002807,sz128034,有效期：-；质押代码：128034,128034；2018-08-01 开始转股,全价：110.146 最后更新：13:23:51
