bond_id,bond_nm,stock_id,stock_nm,btype,convert_price,convert_price_valid_from,convert_dt,maturity_dt,next_put_dt,put_dt,put_notes,put_price,put_inc_cpn_fl,put_convert_price_ratio,put_count_days,put_total_days,put_real_days,repo_discount_rt,repo_valid_from,repo_valid_to,turnover_rt,redeem_price,redeem_inc_cpn_fl,redeem_price_ratio,redeem_count_days,redeem_total_days,redeem_real_days,redeem_dt,redeem_flag,orig_iss_amt,curr_iss_amt,rating_cd,issuer_rating_cd,guarantor,ssc_dt,esc_dt,sc_notes,market_cd,force_redeem,real_force_redeem_price,convert_cd,repo_cd,ration,ration_cd,apply_cd,online_offline_ratio,qflag,qflag2,ration_rt,fund_rt,margin_flg,lt_bps,pb,pb_flag,total_shares,float_shares,sqflg,sprice,svolume,sincrease_rt,qstatus,bond_value,bond_value2,volatility_rate,last_time,convert_value,premium_rt,year_left,ytm_rt,ytm_rt_tax,price,full_price,increase_rt,volume,convert_price_valid,adj_scnt,adj_cnt,redeem_icon,ref_yield_info,adjust_tip,adjusted,option_tip,bond_value3,left_put_year,short_maturity_dt,dblow,force_redeem_price,put_convert_price,convert_amt_ratio,convert_amt_ratio2,convert_amt_ratio_tips,stock_net_value,stock_cd,pre_bond_id,repo_valid,convert_cd_tip,price_tips
127052,杭锅转债,sz002534,杭锅股份,C,28.08,,2022-06-30,2027-12-23,2025-12-23,,,100.000,y,61.21,30,30,0,0.00,,,,110.000,n,130.000,15,30,0,,X,11.100,11.100,AA,AA,无,,,,szmb,,,未到转股期,127052,1.5445,082534,072534,,N,N,72.180,-,,,6.87,N,739201050.0,725645705.0,Y,32.11,13685.06,1.94%,00,buy,buy,buy,,114.35,-12.55%,5.951,2.43%,1.96%,100.000,100.000,0.00%,0.00,Y,0,0,,-,,N,-,buy,-,27-12-23,87.45,36.50,19.66,4.8%,4.7%,"转债占流动市值比：4.8%
转债占总市值比：4.7%",0.00,002534,sz127052,有效期：-；质押代码：127052,未到转股期；2022-06-30 开始转股,待上市
123135,泰林转债,sz300813,泰林生物,C,87.38,,2022-07-04,2027-12-27,2025-12-29,,,100.000,y,64.59,30,30,0,0.00,,,,115.000,n,130.000,15,30,0,,X,2.100,2.100,A+,A+,无,,,,szcy,,,未到转股期,123135,4.0407,380813,370813,,N,N,78.220,-,,,10.14,N,51970000.0,16277000.0,Y,94.70,8454.31,-1.98%,00,buy,buy,buy,,108.38,-7.73%,5.962,3.40%,2.75%,100.000,100.000,0.00%,0.00,Y,0,0,,-,,N,-,buy,-,27-12-27,92.27,113.59,61.17,13.6%,4.3%,"转债占流动市值比：13.6%
转债占总市值比：4.3%",0.00,300813,sz123135,有效期：-；质押代码：123135,未到转股期；2022-07-04 开始转股,待上市
113637,华翔转债,sh603112,华翔股份,C,12.99,,2022-06-28,2027-12-22,2025-12-22,,,100.000,y,66.32,30,30,0,0.00,,,,115.000,n,130.000,15,30,0,,X,8.000,8.000,AA-,AA-,无,,,,shmb,,,未到转股期,113637,1.8300,753112,754112,,N,N,77.900,-,,,3.01,N,436090490.0,153864926.0,Y,13.71,5826.96,0.07%,00,buy,buy,buy,,105.54,-5.25%,5.948,3.32%,2.69%,100.000,100.000,0.00%,0.00,Y,0,0,,-,,N,-,buy,-,27-12-22,94.75,16.89,9.09,37.9%,13.4%,"转债占流动市值比：37.9%
转债占总市值比：13.4%",0.00,603112,sh113637,有效期：-；质押代码：113637,未到转股期；2022-06-28 开始转股,待上市
127007,湖广转债,sz000665,湖北广电,C,5.58,2020-07-17,2019-01-04,2024-06-28,2022-06-28,,,100.000,y,41.95,30,30,0,0.00,,,507.99,108.000,n,130.000,15,30,5,,X,17.336,8.574,AA+,AA+,无担保,,,,szmb,,,127007,127007,2.7248,080665,070665,,N,N,16.550,buy,R,,1.59,N,1014363870.0,1014306085.0,Y,9.31,260237.78,10.05%,00,buy,buy,buy,15:14:03,166.85,-4.89%,2.463,-13.61%,-14.30%,158.680,158.680,5.79%,696648.11,Y,1,1,,-,,N,-,buy,-,24-06-28,153.79,7.25,3.91,9.1%,9.1%,"转债占流动市值比：9.1%
转债占总市值比：9.1%",0.00,000665,sz127007,有效期：-；质押代码：127007,127007；2019-01-04 开始转股,全价：158.680 最后更新：15:14:03
128091,新天转债,sz002873,新天药业,C,11.62,2021-11-10,2020-07-06,2025-12-30,2024-01-01,,,100.000,y,30.46,30,30,0,0.00,,,1602.76,113.000,n,130.000,15,30,14,,X,1.770,1.758,A+,A+,房产抵押和股份质押,,,,szmb,,,128091,128091,1.5410,082873,072873,,N,N,46.250,buy,,,4.91,N,164048027.0,155115979.0,Y,26.70,81033.65,9.43%,00,buy,buy,buy,15:14:03,229.78,-3.08%,3.970,-14.93%,-15.57%,222.699,222.699,0.77%,629717.40,Y,0,0,,-,,N,-,buy,-,25-12-30,219.62,15.11,8.13,4.2%,4.0%,"转债占流动市值比：4.2%
转债占总市值比：4.0%",0.00,002873,sz128091,有效期：-；质押代码：128091,128091；2020-07-06 开始转股,全价：222.699 最后更新：15:14:03
128050,钧达转债,sz002865,钧达股份,C,14.81,2021-11-26,2019-06-14,2024-12-10,2022-12-10,,,100.000,y,17.54,30,30,0,0.00,,,521.77,118.000,n,130.000,15,30,30,2022-01-27,Y,3.200,0.566,AA-,AA-,中汽塑料,,,,szmb,"最后交易日：2022年1月27日
最后转股日：2022年1月27日
赎回价：100.21元/张",100.210,128050,128050,2.6298,082865,072865,,N,N,17.350,buy,,,7.76,N,137291465.0,133915115.0,Y,59.11,41990.41,0.58%,00,buy,buy,buy,15:14:03,399.12,-0.78%,2.915,-33.61%,-34.38%,396.000,396.000,-6.39%,121926.21,Y,1,1,R,-,,N,-,buy,-,24-12-10,395.22,19.25,10.37,0.7%,0.7%,"转债占流动市值比：0.7%
转债占总市值比：0.7%",0.00,002865,sz128050,有效期：-；质押代码：128050,128050；2019-06-14 开始转股,全价：396.000 最后更新：15:14:03
113026,核能转债,sh601985,中国核电,C,5.73,2021-07-16,2019-10-21,2025-04-14,2023-04-17,,,100.000,y,53.98,30,30,0,0.82,2022-01-12,2022-01-12,7.70,105.000,n,130.000,15,30,14,,X,78.000,75.551,AAA,AAA,无担保,,,,shmb,,,113026,113026,0.5010,764985,783985,,N,N,79.230,buy,R,,1.74,N,17522710852.0,17074949659.0,Y,7.43,82066.12,0.68%,00,buy,buy,buy,14:59:59,129.67,-0.27%,3.258,-5.13%,-5.62%,129.320,129.320,0.43%,75428.37,Y,0,0,,-,,N,-,buy,-,25-04-14,129.05,7.45,4.01,6.0%,5.8%,"转债占流动市值比：6.0%
转债占总市值比：5.8%",0.00,601985,sh113026,有效期：2022-01-12 到 2022-01-12；质押代码：113026,113026；2019-10-21 开始转股,全价：129.320 最后更新：14:59:59
128106,华统转债,sz002840,华统股份,C,9.37,2021-06-30,2020-10-16,2026-04-09,2024-04-09,,,100.000,y,37.54,30,30,0,0.00,,,65.66,108.000,n,130.000,15,30,0,,N,5.500,4.360,AA,AA,连带责任保证,,,,szmb,2021年12月25日公告：本次（2021年12月6日至2021年12月24日）不提前赎回，至2022年6月26日均不提前赎回,,128106,128106,1.9826,082840,072840,,N,N,67.140,buy,,,4.58,N,456240764.0,444778364.0,Y,17.47,30660.41,-1.69%,00,buy,buy,buy,15:14:03,186.45,0.06%,4.244,-11.36%,-11.81%,186.566,186.566,-2.50%,53772.06,Y,0,0,G,-,,N,-,buy,-,26-04-09,186.63,12.18,6.56,5.6%,5.5%,"转债占流动市值比：5.6%
转债占总市值比：5.5%",0.00,002840,sz128106,有效期：-；质押代码：128106,128106；2020-10-16 开始转股,全价：186.566 最后更新：15:14:03
128085,鸿达转债,sz002002,鸿达兴业,C,3.91,2021-06-22,2020-06-22,2025-12-16,2023-12-18,,,100.000,y,46.23,30,30,0,0.00,,,24.45,118.000,n,130.000,15,30,0,,N,24.270,3.393,B,B,无担保,,,,szmb,2021年12月11日公告：本次不提前赎回鸿达转债，至2022年12月8日前均不提前赎回,,128085,128085,0.9374,082002,072002,,N,N,26.280,buy,R,,1.77,N,3120485457.0,3116603421.0,Y,5.92,83492.02,-3.43%,00,buy,buy,buy,15:14:03,151.41,0.66%,3.932,-5.24%,-6.18%,152.400,152.400,-3.16%,12905.58,Y,0,0,G,-,,N,-,buy,-,25-12-16,153.06,5.08,2.74,1.8%,1.8%,"转债占流动市值比：1.8%
转债占总市值比：1.8%",0.00,002002,sz128085,有效期：-；质押代码：128085,128085；2020-06-22 开始转股,全价：152.400 最后更新：15:14:03
123073,同和转债,sz300636,同和药业,C,14.82,2021-05-18,2021-05-06,2026-10-25,2024-10-26,,,100.000,y,44.13,30,30,0,0.00,,,36.44,116.000,n,130.000,20,30,19,,X,3.600,3.581,A+,A+,无担保,,,,szcy,,,123073,123073,2.7989,380636,370636,,N,N,70.695,buy,,,5.54,N,205906321.0,169027590.0,Y,23.51,6513.76,-3.57%,00,buy,buy,buy,15:14:03,158.64,0.67%,4.789,-5.59%,-6.30%,159.697,159.697,-3.71%,21292.94,Y,1,1,,-,,N,-,buy,-,26-10-25,160.37,19.27,10.37,9.0%,7.4%,"转债占流动市值比：9.0%
转债占总市值比：7.4%",0.00,300636,sz123073,有效期：-；质押代码：123073,123073；2021-05-06 开始转股,全价：159.697 最后更新：15:14:03
128013,洪涛转债,sz002325,洪涛股份,C,2.31,2021-12-13,2017-02-06,2022-07-29,2020-07-29,,,100.000,y,56.94,30,30,0,0.00,,,6.47,108.000,n,130.000,15,30,0,,X,12.000,10.608,A-,A-,无担保,,,,szmb,,,128013,128013,0.9980,082325,072325,10,N,N,,buy,R,,1.29,N,1325359461.0,1003074122.0,Y,2.84,5078.97,-0.70%,00,buy,buy,buy,15:14:03,122.94,1.09%,0.545,-24.04%,-26.41%,124.286,124.286,-0.82%,8624.02,Y,3,3,,-,,N,-,buy,-,22-07-29,125.38,3.00,1.62,37.2%,28.2%,"转债占流动市值比：37.2%
转债占总市值比：28.2%",0.00,002325,sz128013,有效期：-；质押代码：128013,128013；2017-02-06 开始转股,全价：124.286 最后更新：15:14:03
123078,飞凯转债,sz300398,飞凯材料,C,15.56,2021-05-31,2021-06-03,2026-11-26,2024-11-26,,,100.000,y,37.89,30,30,0,0.00,,,182.64,110.000,n,120.000,15,30,6,,X,8.250,8.102,AA,AA,无担保,,,,szcy,,,123078,123078,1.5992,380398,370398,,N,N,35.740,buy,R,,4.80,N,516098134.0,509839254.0,Y,28.75,236324.20,-4.93%,00,buy,buy,buy,15:14:03,184.77,1.86%,4.877,-9.77%,-10.24%,188.200,188.200,-8.89%,288478.29,Y,1,1,,-,,N,-,buy,-,26-11-26,190.06,18.67,10.89,5.5%,5.5%,"转债占流动市值比：5.5%
转债占总市值比：5.5%",0.00,300398,sz123078,有效期：-；质押代码：123078,123078；2021-06-03 开始转股,全价：188.200 最后更新：15:14:03
128094,星帅转债,sz002860,星帅尔,C,13.80,2021-06-08,2020-07-22,2026-01-16,2024-01-16,,,100.000,y,40.59,30,30,0,0.00,,,19.07,115.000,n,130.000,15,30,6,,X,2.800,2.089,A+,A+,股份质押和保证,,,,szmb,,,128094,128094,2.3897,082860,072860,,N,N,75.030,buy,,,4.04,N,204206647.0,147145649.0,Y,23.80,4977.83,-0.79%,00,buy,buy,buy,15:14:03,172.46,1.92%,4.016,-9.07%,-9.85%,175.780,175.780,-0.95%,7046.24,Y,0,0,,-,,N,-,buy,-,26-01-16,177.70,17.94,9.66,6.0%,4.3%,"转债占流动市值比：6.0%
转债占总市值比：4.3%",0.00,002860,sz128094,有效期：-；质押代码：128094,128094；2020-07-22 开始转股,全价：175.780 最后更新：15:14:03
123133,佩蒂转债,sz300673,佩蒂股份,C,19.92,,2022-06-28,2027-12-21,2025-12-22,,,100.000,y,71.36,30,30,0,0.00,,,,115.000,n,130.000,15,30,0,,X,7.200,7.200,AA-,AA-,无,,,,szcy,,,未到转股期,123133,2.8412,380673,370673,,N,N,81.350,-,,,2.97,N,253411200.0,162384480.0,Y,19.54,11659.43,-4.59%,00,buy,buy,buy,,98.09,1.94%,5.945,3.25%,2.63%,100.000,100.000,0.00%,0.00,Y,0,0,,-,,N,-,buy,-,27-12-21,101.94,25.90,13.94,22.7%,14.5%,"转债占流动市值比：22.7%
转债占总市值比：14.5%",0.00,300673,sz123133,有效期：-；质押代码：123133,未到转股期；2022-06-28 开始转股,待上市
113591,胜达转债,sh603687,大胜达,C,8.76,2021-06-11,2021-01-08,2026-06-30,2024-07-01,,,100.000,y,50.10,30,30,0,0.00,,,61.63,116.000,n,130.000,15,30,6,,X,5.500,5.185,AA-,AA-,股票质押担保,,,,shmb,,,113591,113591,1.3300,753687,754687,,N,N,69.650,buy,,,2.78,N,414413879.0,145371179.0,Y,12.24,7645.44,3.47%,00,buy,buy,buy,14:59:59,139.73,2.46%,4.468,-3.64%,-4.42%,143.160,143.160,3.86%,46001.76,Y,2,2,,-,,N,-,buy,-,26-06-30,145.62,11.39,6.13,29.1%,10.2%,"转债占流动市值比：29.1%
转债占总市值比：10.2%",0.00,603687,sh113591,有效期：-；质押代码：113591,113591；2021-01-08 开始转股,全价：143.160 最后更新：14:59:59
113537,文灿转债,sh603348,文灿股份,C,19.28,2021-06-18,2019-12-16,2025-06-09,2023-06-12,,,100.000,y,24.78,30,30,0,0.00,,,52.49,115.000,n,130.000,15,30,0,,N,8.000,1.406,AA-,AA-,无担保,,,,shmb,2021年10月27日公告：本次不行使文灿转债的提前赎回权利，至2022年4月27日前均不提前赎回,,113537,113537,3.6360,753348,754348,,N,N,18.080,buy,,,5.37,N,262171258.0,257431258.0,Y,54.46,10720.58,-1.79%,00,buy,buy,buy,14:59:58,282.47,3.18%,3.411,-23.16%,-23.89%,291.450,291.450,-4.46%,21897.79,Y,0,0,G,-,,N,-,buy,-,25-06-09,294.63,25.06,13.50,1.0%,1.0%,"转债占流动市值比：1.0%
转债占总市值比：1.0%",0.00,603348,sh113537,有效期：-；质押代码：113537,113537；2019-12-16 开始转股,全价：291.450 最后更新：14:59:58
123111,东财转3,sz300059,东方财富,C,23.35,2021-05-27,2021-10-13,2027-04-06,2025-04-07,,,100.000,y,48.94,30,30,0,0.00,,,3.01,107.000,n,130.000,15,30,6,,X,158.000,150.856,AA+,AA+,无,,,,szcy,,,123111,123111,1.8344,380059,370059,,N,N,71.340,buy,R,,8.44,N,10366327855.0,8592810347.0,Y,33.40,299216.33,-0.39%,00,buy,buy,buy,15:14:03,143.04,3.19%,5.236,-5.44%,-5.78%,147.600,147.600,-0.37%,67418.28,Y,0,0,,-,,N,-,buy,-,27-04-06,150.79,30.36,16.34,5.3%,4.4%,"转债占流动市值比：5.3%
转债占总市值比：4.4%",0.00,300059,sz123111,有效期：-；质押代码：123111,123111；2021-10-13 开始转股,全价：147.600 最后更新：15:14:03
132018,G三峡EB1,sh600900,长江电力,E,16.74,2021-07-16,2020-04-13,2024-04-09,2023-04-10,,,100.000,y,52.08,30,30,0,0.91,2022-01-12,2022-01-12,0.77,108.000,y,120.000,15,30,21,,X,200.000,160.503,AAA,AAA,长江电力A股股票及其孳息,,,,shmb,,,132018,132018,,,759001,,N,N,100.000,buy,R,,2.91,N,22741859230.0,22741859230.0,Y,22.50,103616.47,0.45%,00,buy,buy,buy,14:59:59,134.41,3.25%,2.244,-10.07%,-10.77%,138.400,138.781,-0.82%,17303.41,Y,0,0,B,-,,N,-,buy,-,24-04-09,141.65,20.09,11.72,3.1%,3.1%,"转债占流动市值比：3.1%
转债占总市值比：3.1%",0.00,600900,sh132018,有效期：2022-01-12 到 2022-01-12；质押代码：132018,132018；2020-04-13 开始转股,全价：138.781 最后更新：14:59:59
113541,荣晟转债,sh603165,荣晟环保,C,10.84,2021-05-17,2020-02-03,2025-07-22,2023-07-24,,,100.000,y,44.53,30,30,0,0.00,,,16.20,110.000,n,130.000,15,30,0,,N,3.300,1.628,AA-,AA-,股份质押和保证,,,,shmb,2021年11月22日公告：本次（2021年10月12日至2021年11月22日）不行使提前赎回权利，至2022年5月22日均不提前赎回,,113541,113541,1.8600,753165,754165,,N,N,24.502,buy,,,2.54,N,263201890.0,263201890.0,Y,17.04,5156.62,-0.93%,00,buy,buy,buy,14:59:55,157.20,3.39%,3.529,-9.65%,-10.28%,162.520,162.520,-1.70%,4314.80,Y,1,1,G,-,,N,-,buy,-,25-07-22,165.91,14.09,7.59,3.6%,3.6%,"转债占流动市值比：3.6%
转债占总市值比：3.6%",0.00,603165,sh113541,有效期：-；质押代码：113541,113541；2020-02-03 开始转股,全价：162.520 最后更新：14:59:55
123083,朗新转债,sz300682,朗新科技,C,15.39,2021-12-23,2021-06-15,2026-12-08,2024-12-09,,,100.000,y,31.24,30,30,0,0.00,,,10.05,110.000,n,130.000,15,30,11,,X,8.000,6.010,AA,AA,无担保,,,,szcy,,,123083,123083,0.7833,380682,370682,,N,N,77.260,buy,,,6.50,N,1045521166.0,737572050.0,Y,34.48,12548.06,-3.58%,00,buy,buy,buy,15:14:03,224.04,3.55%,4.910,-13.53%,-13.96%,232.000,232.000,-4.41%,14361.90,Y,0,0,,-,,N,-,buy,-,26-12-08,235.55,20.01,10.77,2.4%,1.7%,"转债占流动市值比：2.4%
转债占总市值比：1.7%",0.00,300682,sz123083,有效期：-；质押代码：123083,123083；2021-06-15 开始转股,全价：232.000 最后更新：15:14:03
128128,齐翔转2,sz002408,齐翔腾达,C,5.69,2021-09-29,2021-02-26,2026-08-19,2024-08-19,,,100.000,y,36.28,30,30,0,0.00,,,4.58,110.000,n,130.000,15,30,6,,X,29.900,6.806,AA,AA,无担保,,,,szmb,,,128128,128128,1.7102,082408,072408,,N,N,76.460,buy,R,,2.51,N,2842637146.0,2771179688.0,Y,10.98,43520.89,-1.26%,00,buy,buy,buy,15:14:03,192.97,3.64%,4.605,-11.51%,-11.98%,200.000,200.000,-1.43%,6300.32,Y,0,0,,-,,N,-,buy,-,26-08-19,203.64,7.40,3.98,2.2%,2.2%,"转债占流动市值比：2.2%
转债占总市值比：2.2%",0.00,002408,sz128128,有效期：-；质押代码：128128,128128；2021-02-26 开始转股,全价：200.000 最后更新：15:14:03
113638,台21转债,sh603055,台华新材,C,16.87,,2022-07-05,2027-12-28,2025-12-29,,,100.000,y,72.63,30,30,0,0.00,,,,112.000,n,130.000,15,30,0,,X,6.000,6.000,AA,AA,,,,,shmb,,,未到转股期,113638,0.6910,753055,754055,,N,N,60.150,-,,,3.94,N,868874372.0,804671904.0,Y,16.26,11012.68,-4.24%,00,buy,buy,buy,,96.38,3.75%,5.964,2.73%,2.20%,100.000,100.000,0.00%,0.00,Y,0,0,,-,,N,-,buy,-,27-12-28,103.75,21.93,11.81,4.6%,4.2%,"转债占流动市值比：4.6%
转债占总市值比：4.2%",0.00,603055,sh113638,有效期：-；质押代码：113638,未到转股期；2022-07-05 开始转股,待上市
123092,天壕转债,sz300332,天壕环境,C,5.19,2021-07-12,2021-06-30,2026-12-23,2024-12-23,,,100.000,y,37.30,30,30,0,0.00,,,9.91,115.000,n,130.000,15,30,6,,X,4.230,4.167,A+,A+,无,,,,szcy,,,123092,123092,0.4805,380332,370332,,N,N,55.430,buy,,,2.47,N,881408921.0,841982571.0,Y,9.74,14548.38,-2.50%,00,buy,buy,buy,15:14:03,187.67,3.79%,4.951,-9.32%,-9.95%,194.790,194.790,-3.19%,8181.72,Y,0,0,,-,,N,-,buy,-,26-12-23,198.58,6.75,3.63,5.1%,4.9%,"转债占流动市值比：5.1%
转债占总市值比：4.9%",0.00,300332,sz123092,有效期：-；质押代码：123092,123092；2021-06-30 开始转股,全价：194.790 最后更新：15:14:03
128046,利尔转债,sz002258,利尔化学,C,18.42,2021-04-13,2019-04-23,2024-10-17,2022-10-17,,,100.000,y,39.75,30,30,0,0.00,,,5.47,108.000,n,130.000,20,30,6,,X,8.520,8.076,AA,AA,无担保,,,,szmb,,,128046,128046,1.6247,082258,072258,,N,N,43.380,buy,R,,3.78,N,526773275.0,524181885.0,Y,32.44,26733.17,0.09%,00,buy,buy,buy,15:14:03,176.11,3.88%,2.767,-16.65%,-17.23%,182.948,182.948,0.58%,8069.64,Y,0,0,,-,,N,-,buy,-,24-10-17,186.83,23.95,12.89,4.7%,4.7%,"转债占流动市值比：4.7%
转债占总市值比：4.7%",0.00,002258,sz128046,有效期：-；质押代码：128046,128046；2019-04-23 开始转股,全价：182.948 最后更新：15:14:03
118004,博瑞转债,sh688166,博瑞医药,C,35.68,,2022-07-11,2028-01-03,2026-01-05,,,100.000,y,72.82,30,30,0,0.00,,,,115.000,n,130.000,15,30,0,,X,4.650,4.650,AA-,AA-,无,,,,shkc,,,未到转股期,118004,1.1340,726166,718166,,N,N,55.740,-,R,,8.88,N,410000000.0,210912771.0,Y,34.30,3743.27,0.03%,00,buy,buy,buy,,96.13,4.02%,5.981,3.30%,2.67%,100.000,100.000,0.00%,0.00,Y,0,0,,-,,N,-,buy,-,28-01-03,104.02,46.38,24.98,6.4%,3.3%,"转债占流动市值比：6.4%
转债占总市值比：3.3%",0.00,688166,sh118004,有效期：-；质押代码：118004,未到转股期；2022-07-11 开始转股,待上市
110084,贵燃转债,sh600903,贵州燃气,C,10.17,,2022-07-01,2027-12-27,2025-12-29,,,100.000,y,72.87,30,30,0,0.00,,,,110.000,n,130.000,15,30,0,,X,10.000,10.000,AA,AA,无,,,,shmb,,,未到转股期,110084,0.8780,704903,733903,,N,N,49.410,-,R,,3.94,N,1138185027.0,1138185027.0,Y,9.77,4241.58,-0.31%,00,buy,buy,buy,,96.07,4.09%,5.962,2.43%,1.96%,100.000,100.000,0.00%,0.00,Y,0,0,,-,,N,-,buy,-,27-12-27,104.09,13.22,7.12,9.0%,9.0%,"转债占流动市值比：9.0%
转债占总市值比：9.0%",0.00,600903,sh110084,有效期：-；质押代码：110084,未到转股期；2022-07-01 开始转股,待上市
113585,寿仙转债,sh603896,寿仙谷,C,28.38,2021-06-30,2020-12-15,2026-06-08,2024-06-10,,,100.000,y,34.05,30,30,0,0.00,,,92.73,112.000,n,130.000,15,30,0,,N,3.600,1.008,AA-,AA-,连带责任保证,,,,shmb,2021年9月1日公告：本次（2021年8月11日至2021年8月31日）不行使提前赎回权利，至2022年2月28日均不提前赎回,,113585,113585,2.5080,753896,754896,,N,N,82.309,buy,,,5.92,N,152498417.0,152498417.0,Y,58.35,22114.66,0.86%,00,buy,buy,buy,14:59:59,205.60,4.12%,4.408,-12.98%,-13.54%,214.080,214.080,-0.18%,20171.52,Y,0,0,G,-,,N,-,buy,-,26-06-08,218.20,36.89,19.87,1.1%,1.1%,"转债占流动市值比：1.1%
转债占总市值比：1.1%",0.00,603896,sh113585,有效期：-；质押代码：113585,113585；2020-12-15 开始转股,全价：214.080 最后更新：14:59:59
128103,同德转债,sz002360,同德化工,C,5.08,2021-05-25,2020-10-09,2026-03-25,2024-03-25,,,100.000,y,38.78,30,30,0,0.00,,,63.71,115.000,n,130.000,15,30,6,,X,1.440,0.884,A+,A+,土地、固定资产等抵押方式,,,,szmb,,,128103,128103,0.3859,082360,072360,,N,N,31.100,buy,,,2.73,N,402376378.0,312278270.0,Y,9.17,5123.88,-0.86%,00,buy,buy,buy,15:14:03,180.51,4.17%,4.203,-10.11%,-10.85%,188.044,188.044,-0.68%,10628.38,Y,0,0,,-,,N,-,buy,-,26-03-25,192.21,6.60,3.56,3.1%,2.4%,"转债占流动市值比：3.1%
转债占总市值比：2.4%",0.00,002360,sz128103,有效期：-；质押代码：128103,128103；2020-10-09 开始转股,全价：188.044 最后更新：15:14:03
123085,万顺转2,sz300057,万顺新材,C,6.20,2021-05-17,2021-06-17,2026-12-10,2024-12-10,,,100.000,y,50.58,30,30,0,0.00,,,4.86,108.000,n,130.000,15,30,6,,X,9.000,8.512,AA-,AA-,无担保,,,,szcy,,,123085,123085,1.3341,380057,370057,,N,N,66.940,buy,,,1.63,N,683644894.0,507430086.0,Y,8.58,13567.02,-2.94%,00,buy,buy,buy,15:14:03,138.39,4.54%,4.915,-5.00%,-5.44%,144.665,144.665,-3.14%,6088.16,Y,0,0,,-,,N,-,buy,-,26-12-10,149.20,8.06,4.34,19.6%,14.5%,"转债占流动市值比：19.6%
转债占总市值比：14.5%",0.00,300057,sz123085,有效期：-；质押代码：123085,123085；2021-06-17 开始转股,全价：144.665 最后更新：15:14:03
123012,万顺转债,sz300057,万顺新材,C,5.27,2021-05-17,2019-01-26,2024-07-20,2022-07-20,,,100.000,y,43.00,30,30,0,0.00,,,36.26,106.000,n,130.000,15,30,6,,X,9.500,1.225,AA-,AA-,无担保,,,,szcy,,,123012,123012,2.1607,380057,370057,,N,N,2.190,buy,,,1.63,N,683644894.0,507430086.0,Y,8.58,13567.02,-2.94%,00,buy,buy,buy,15:14:03,162.81,5.22%,2.523,-16.54%,-17.07%,171.299,171.299,-1.89%,7711.88,Y,0,0,,-,,N,-,buy,-,24-07-20,176.52,6.85,3.69,2.8%,2.1%,"转债占流动市值比：2.8%
转债占总市值比：2.1%",0.00,300057,sz123012,有效期：-；质押代码：123012,123012；2019-01-26 开始转股,全价：171.299 最后更新：15:14:03
123086,海兰转债,sz300065,海兰信,C,7.27,2021-07-15,2021-06-17,2026-12-10,2024-12-10,,,100.000,y,36.27,30,30,0,0.00,,,27.19,118.000,n,130.000,15,30,6,,X,7.300,4.817,AA-,AA-,无担保,,,,szcy,,,123086,123086,1.8358,380065,370065,,N,N,59.780,buy,R,,5.04,N,629832887.0,539962284.0,Y,14.03,36704.76,-1.89%,00,buy,buy,buy,15:14:03,192.98,5.42%,4.915,-9.86%,-10.54%,203.450,203.450,-4.50%,27362.46,Y,1,1,,-,,N,-,buy,-,26-12-10,208.87,9.45,5.09,6.4%,5.5%,"转债占流动市值比：6.4%
转债占总市值比：5.5%",0.00,300065,sz123086,有效期：-；质押代码：123086,123086；2021-06-17 开始转股,全价：203.450 最后更新：15:14:03
128081,海亮转债,sz002203,海亮股份,C,9.69,2021-06-23,2020-05-27,2025-11-21,2023-11-21,,,100.000,y,55.78,30,30,0,0.00,,,1.57,110.000,n,130.000,15,30,6,,X,31.500,30.055,AA,AA,无担保,,,,szmb,,,128081,128081,1.6136,082203,072203,,N,N,64.450,buy,R,,2.25,N,1966736307.0,1923941740.0,Y,12.16,10248.07,0.33%,00,buy,buy,buy,15:14:03,125.49,5.81%,3.863,-3.87%,-4.49%,132.776,132.776,0.28%,6259.28,Y,0,0,,-,,N,-,buy,-,25-11-21,138.59,12.60,6.78,12.8%,12.6%,"转债占流动市值比：12.8%
转债占总市值比：12.6%",0.00,002203,sz128081,有效期：-；质押代码：128081,128081；2020-05-27 开始转股,全价：132.776 最后更新：15:14:03
113053,隆22转债,sh601012,隆基股份,C,82.65,,2022-07-11,2028-01-04,2026-01-05,,,100.000,y,74.19,30,30,0,0.00,,,,107.000,n,130.000,15,30,0,,X,70.000,70.000,AAA,AAA,无,,,,shmb,,,未到转股期,113053,1.2930,764012,783012,,N,N,62.100,-,R,,9.17,N,5412952708.0,5412832854.0,Y,77.98,418341.72,-2.16%,00,buy,buy,buy,,94.35,5.99%,5.984,1.81%,1.46%,100.000,100.000,0.00%,0.00,Y,0,0,,-,,N,-,buy,-,28-01-04,105.99,107.44,57.85,1.7%,1.7%,"转债占流动市值比：1.7%
转债占总市值比：1.7%",0.00,601012,sh113053,有效期：-；质押代码：113053,未到转股期；2022-07-11 开始转股,待上市
128093,百川转债,sz002455,百川股份,C,5.77,2021-05-27,2020-07-09,2026-01-03,2024-01-03,,,100.000,y,29.92,30,30,0,0.00,,,28.18,120.000,n,130.000,20,30,6,,X,5.200,1.614,AA-,AA-,自有资产抵押担保,,,,szmb,,,128093,128093,1.0314,082455,072455,,N,N,19.690,buy,,,4.23,N,565949304.0,450664327.0,Y,13.50,11539.34,0.37%,00,buy,buy,buy,15:14:03,233.97,6.07%,3.981,-15.56%,-16.48%,248.174,248.174,0.65%,11279.48,Y,0,0,,-,,N,-,buy,-,26-01-03,254.24,7.50,4.04,2.7%,2.1%,"转债占流动市值比：2.7%
转债占总市值比：2.1%",0.00,002455,sz128093,有效期：-；质押代码：128093,128093；2020-07-09 开始转股,全价：248.174 最后更新：15:14:03
127040,国泰转债,sz002091,江苏国泰,C,9.02,,2022-01-13,2027-07-06,2025-07-07,,,100.000,y,48.12,30,30,0,0.00,,,2.64,108.000,n,130.000,15,30,0,,X,45.574,45.574,AA+,AA+,无,,,,szmb,,,未到转股期,127040,2.9100,082091,072091,,N,N,65.940,buy,R,,2.09,N,1563536598.0,1513016522.0,Y,13.12,31878.21,-4.44%,00,buy,buy,buy,15:14:03,145.45,6.09%,5.485,-5.68%,-6.05%,154.320,154.320,-3.66%,18768.44,Y,0,0,,-,,N,-,buy,-,27-07-06,160.41,11.73,6.31,23.0%,22.2%,"转债占流动市值比：23.0%
转债占总市值比：22.2%",0.00,002091,sz127040,有效期：-；质押代码：127040,未到转股期；2022-01-13 开始转股,全价：154.320 最后更新：15:14:03
128082,华锋转债,sz002806,华锋股份,C,9.13,2021-03-23,2020-06-10,2025-12-03,2023-12-04,,,100.000,y,45.29,30,30,0,0.00,,,26.53,115.000,n,130.000,15,30,6,,X,3.520,2.036,A,A,土地、房产、机器设备等资产抵 押和股份质押担保,,,,szmb,,,128082,128082,1.9995,082806,072806,,N,N,5.530,buy,,,2.30,N,191703355.0,139230770.0,Y,14.11,4660.00,0.64%,00,buy,buy,buy,15:14:03,154.55,6.89%,3.896,-7.91%,-8.72%,165.200,165.200,0.67%,8978.64,Y,2,2,,-,,N,-,buy,-,25-12-03,172.09,11.87,6.39,10.4%,7.5%,"转债占流动市值比：10.4%
转债占总市值比：7.5%",0.00,002806,sz128082,有效期：-；质押代码：128082,128082；2020-06-10 开始转股,全价：165.200 最后更新：15:14:03
128113,比音转债,sz002832,比音勒芬,C,14.60,2021-07-07,2020-12-21,2026-06-14,2024-06-14,,,100.000,y,39.74,30,30,0,0.00,,,7.95,112.000,n,130.000,15,30,6,,X,6.890,2.979,AA,AA,无担保,,,,szmb,,,128113,128113,1.3147,082832,072832,,N,N,85.110,buy,,,4.73,N,550326712.0,369037012.0,Y,25.72,6596.34,0.04%,00,buy,buy,buy,15:14:03,176.16,6.92%,4.425,-10.39%,-10.96%,188.349,188.349,-1.44%,4517.03,Y,0,0,,-,,N,-,buy,-,26-06-14,195.27,18.98,10.22,3.1%,2.1%,"转债占流动市值比：3.1%
转债占总市值比：2.1%",0.00,002832,sz128113,有效期：-；质押代码：128113,128113；2020-12-21 开始转股,全价：188.349 最后更新：15:14:03
113534,鼎胜转债,sh603876,鼎胜新材,C,15.18,2020-07-24,2019-10-16,2025-04-08,2023-04-10,,,100.000,y,30.80,30,30,0,0.00,,,6.10,110.000,n,130.000,15,30,0,,N,12.540,4.039,AA-,AA-,无担保,,,,shmb,2021年10月29日公告：本次（2021年10月8日至2021年10月28日）不提前赎回，至2022年1月28日均不提前赎回,,113534,113534,2.9160,753876,754876,,N,N,46.940,buy,,,3.54,N,485976369.0,485976369.0,Y,34.50,18965.57,-3.14%,00,buy,buy,buy,14:59:55,227.27,7.02%,3.241,-21.10%,-21.66%,243.230,243.230,-2.16%,6100.80,Y,1,1,G,-,,N,-,buy,-,25-04-08,250.25,19.73,10.63,2.4%,2.4%,"转债占流动市值比：2.4%
转债占总市值比：2.4%",0.00,603876,sh113534,有效期：-；质押代码：113534,113534；2019-10-16 开始转股,全价：243.230 最后更新：14:59:55
128130,景兴转债,sz002067,景兴纸业,C,3.40,,2021-03-04,2026-08-30,2024-08-30,,,100.000,y,66.02,30,30,0,0.00,,,2.90,110.000,n,130.000,15,30,0,,X,12.800,9.987,AA,AA,无担保,,,,szmb,,,128130,128130,1.1519,082067,072067,,N,N,53.140,buy,R,,0.92,N,1193928835.0,1056303835.0,Y,4.12,8645.37,-0.72%,00,buy,buy,buy,15:14:03,121.18,7.13%,4.636,-2.66%,-3.21%,129.817,129.817,-1.05%,3785.50,Y,0,0,,-,,N,-,buy,-,26-08-30,136.95,4.42,2.72,22.9%,20.3%,"转债占流动市值比：22.9%
转债占总市值比：20.3%",0.00,002067,sz128130,有效期：-；质押代码：128130,128130；2021-03-04 开始转股,全价：129.817 最后更新：15:14:03
123103,震安转债,sz300767,震安科技,C,56.89,2021-06-11,2021-09-22,2027-03-11,2025-03-11,,,100.000,y,41.14,30,30,0,0.00,,,7.19,115.000,n,130.000,15,30,0,,N,2.850,2.525,A+,A+,无,,,,szcy,2021年10月21日公告：本次（2021年9月22日至2021年10月19日）不行使提前赎回权利，至2022年4月20日均不提前赎回,,123103,123103,1.9791,380767,370767,,N,N,53.950,buy,,,15.50,N,202170726.0,118282633.0,Y,96.80,6657.27,-0.83%,00,buy,buy,buy,15:14:03,170.15,7.34%,5.164,-7.76%,-8.38%,182.640,182.640,-2.12%,3360.77,Y,0,0,G,-,,N,-,buy,-,27-03-11,189.98,73.96,39.82,2.2%,1.3%,"转债占流动市值比：2.2%
转债占总市值比：1.3%",0.00,300767,sz123103,有效期：-；质押代码：123103,123103；2021-09-22 开始转股,全价：182.640 最后更新：15:14:03
128100,搜特转债,sz002503,搜于特,C,1.62,2021-08-17,2020-09-18,2026-03-11,2024-03-11,,,100.000,y,66.71,30,30,0,0.00,,,21.15,112.000,n,130.000,15,30,0,,X,8.000,7.991,A,A,无担保,,,,szmb,,,128100,128100,0.2622,082503,072503,,N,N,9.330,buy,R,,3.19,N,3092868251.0,2543064601.0,Y,1.70,43652.58,3.66%,00,buy,buy,buy,15:14:03,104.94,7.40%,4.164,0.90%,0.18%,112.700,112.700,1.18%,19104.16,Y,2,2,,-,,N,-,buy,-,26-03-11,120.10,2.11,1.13,18.5%,15.2%,"转债占流动市值比：18.5%
转债占总市值比：15.2%",0.00,002503,sz128100,有效期：-；质押代码：128100,128100；2020-09-18 开始转股,全价：112.700 最后更新：15:14:03
123112,万讯转债,sz300112,万讯自控,C,8.93,2021-05-28,2021-10-14,2027-04-07,2025-04-07,,,100.000,y,46.13,30,30,0,0.00,,,103.60,118.000,n,130.000,15,30,0,,N,2.457,2.454,AA-,AA-,无,,,,szcy,2021年11月27日公告：本次（2021年11月1日至2021年11月26日）不行使提前赎回权利，至2022年2月26日均不提前赎回,,123112,123112,0.8599,380112,370112,,N,N,30.520,-,,,3.37,N,285779089.0,219186741.0,Y,13.55,27625.79,-2.59%,00,buy,buy,buy,15:14:03,151.74,7.41%,5.238,-5.13%,-5.84%,162.980,162.980,-3.94%,43214.10,Y,0,0,G,-,,N,-,buy,-,27-04-07,170.39,11.61,6.25,8.3%,6.3%,"转债占流动市值比：8.3%
转债占总市值比：6.3%",0.00,300112,sz123112,有效期：-；质押代码：123112,123112；2021-10-14 开始转股,全价：162.980 最后更新：15:14:03
113051,节能转债,sh601016,节能风电,C,4.05,,2021-12-27,2027-06-21,2025-06-20,,,100.000,y,51.83,30,30,0,0.00,,,18.61,110.000,n,130.000,15,30,11,,X,30.000,29.994,AA+,AA+,无担保,,,,shmb,,,113051,113051,0.5980,764016,783016,,N,N,63.210,buy,R,,2.58,N,5013160039.0,4480556368.0,Y,5.47,75591.03,-1.97%,00,buy,buy,buy,15:00:00,135.06,7.94%,5.444,-4.40%,-4.84%,145.780,145.780,-9.73%,83811.42,Y,0,0,,-,,N,-,buy,-,27-06-21,153.72,5.26,2.83,12.2%,10.9%,"转债占流动市值比：12.2%
转债占总市值比：10.9%",0.00,601016,sh113051,有效期：-；质押代码：113051,113051；2021-12-27 开始转股,全价：145.780 最后更新：15:00:00
123089,九洲转2,sz300040,九洲集团,C,5.68,2021-07-14,2021-06-25,2026-12-20,2024-12-20,,,100.000,y,45.13,30,30,0,0.00,,,13.44,115.000,n,130.000,15,30,0,,N,5.000,3.063,AA-,AA-,无担保,,,,szcy,2021年10月26日公告：本次（截至2021年10月26日）不行使九洲转2的提前赎回权利，至2022年1月29日均不提前赎回,,123089,123089,1.3144,380040,370040,,N,N,61.460,buy,,,1.96,N,587645532.0,455302906.0,Y,8.81,8246.46,-0.45%,00,buy,buy,buy,15:14:03,155.11,7.97%,4.942,-6.54%,-7.18%,167.473,167.473,-0.19%,6925.58,Y,0,0,G,-,,N,-,buy,-,26-12-20,175.44,7.38,3.98,7.6%,5.9%,"转债占流动市值比：7.6%
转债占总市值比：5.9%",0.00,300040,sz123089,有效期：-；质押代码：123089,123089；2021-06-25 开始转股,全价：167.473 最后更新：15:14:03
128025,特一转债,sz002728,特一药业,C,13.80,2021-12-01,2018-06-12,2023-12-06,2021-12-06,,,100.000,y,53.67,30,30,0,0.00,,,219.51,106.000,n,130.000,15,30,2,,X,3.540,2.978,AA-,AA-,许丹青的股票,,,,szmb,,,128025,128025,1.7700,082728,072728,,N,N,74.250,buy,,,3.79,N,221643927.0,127186140.0,Y,18.00,50237.16,2.68%,00,buy,buy,buy,15:14:03,130.43,8.33%,1.901,-13.48%,-14.11%,141.300,141.300,-1.05%,93475.52,Y,1,1,,-,,N,-,buy,-,23-12-06,149.63,17.94,9.66,13.0%,7.5%,"转债占流动市值比：13.0%
转债占总市值比：7.5%",0.00,002728,sz128025,有效期：-；质押代码：128025,128025；2018-06-12 开始转股,全价：141.300 最后更新：15:14:03
123052,飞鹿转债,sz300665,飞鹿股份,C,7.05,2021-06-03,2020-12-11,2026-06-04,2024-06-04,,,100.000,y,50.62,30,30,0,0.00,,,16.27,120.000,n,130.000,15,30,0,,N,1.770,1.504,A+,A+,无担保,,,,szcy,2021年8月24日公告：本次（2021年8月4日至2021年8月24日）不提前赎回，至2022年2月24日均不提前赎回,,123052,123052,1.4612,380665,370665,,N,N,75.366,buy,,,3.10,N,173398120.0,132959648.0,Y,9.75,3097.10,-1.02%,00,buy,buy,buy,15:14:03,138.30,8.46%,4.397,-3.84%,-4.78%,150.000,150.000,-0.66%,3691.65,Y,0,0,G,-,,N,-,buy,-,26-06-04,158.46,9.16,4.93,11.6%,8.9%,"转债占流动市值比：11.6%
转债占总市值比：8.9%",0.00,300665,sz123052,有效期：-；质押代码：123052,123052；2020-12-11 开始转股,全价：150.000 最后更新：15:14:03
113548,石英转债,sh603688,石英股份,C,14.93,2021-05-28,2020-05-06,2025-10-27,2023-10-27,,,100.000,y,18.71,30,30,0,0.00,,,35.00,118.000,n,130.000,15,30,6,,X,3.600,1.202,AA-,AA-,股份质押和保证,,,,shmb,,,113548,113548,1.0780,753688,754688,,N,N,43.700,buy,R,,9.52,N,353147440.0,353147440.0,Y,55.85,22028.39,-0.09%,00,buy,buy,buy,14:59:57,374.08,8.71%,3.795,-27.29%,-27.98%,406.660,406.660,-0.32%,17198.31,Y,0,0,,-,,N,-,buy,-,25-10-27,415.37,19.41,10.45,0.6%,0.6%,"转债占流动市值比：0.6%
转债占总市值比：0.6%",0.00,603688,sh113548,有效期：-；质押代码：113548,113548；2020-05-06 开始转股,全价：406.660 最后更新：14:59:57
128111,中矿转债,sz002738,中矿资源,C,15.45,2022-01-06,2020-12-17,2026-06-10,2024-06-10,,,100.000,y,18.27,30,30,0,0.00,,,54.31,118.000,n,130.000,15,30,0,,N,8.000,1.447,AA-,AA-,无担保,,,,szmb,2021年1月28日公告，本次（2020年12月17日至2021年1月28日）不行使提前赎回权利不提前赎回，至2022年1月28日前均不提前赎回,,128111,128111,2.8784,082738,072738,,N,N,70.254,buy,,,5.15,N,325175572.0,296108329.0,Y,59.20,63370.60,-2.54%,00,buy,buy,buy,15:14:03,383.17,8.79%,4.414,-24.34%,-24.97%,416.863,416.863,-2.60%,33310.66,Y,0,0,G,-,,N,-,buy,-,26-06-10,425.65,20.09,10.81,0.8%,0.8%,"转债占流动市值比：0.8%
转债占总市值比：0.8%",0.00,002738,sz128111,有效期：-；质押代码：128111,128111；2020-12-17 开始转股,全价：416.863 最后更新：15:14:03
123067,斯莱转债,sz300382,斯莱克,C,9.36,2021-06-30,2021-03-23,2026-09-16,2024-09-16,,,100.000,y,31.08,30,30,0,0.00,,,20.00,115.000,n,130.000,15,30,0,,N,3.880,2.400,AA-,AA-,无担保,,,,szcy,2021年11月15日公告：本次不行使提前赎回权利，至2022年2月23日均不提前赎回,,123067,123067,0.6940,380382,370382,,N,N,19.960,buy,,,10.28,N,580381337.0,580323512.0,Y,21.08,15461.42,-4.87%,00,buy,buy,buy,15:14:03,225.21,8.81%,4.682,-14.25%,-14.86%,245.049,245.049,-4.32%,12112.47,Y,0,0,G,-,,N,-,buy,-,26-09-16,253.86,12.17,6.55,2.0%,2.0%,"转债占流动市值比：2.0%
转债占总市值比：2.0%",0.00,300382,sz123067,有效期：-；质押代码：123067,123067；2021-03-23 开始转股,全价：245.049 最后更新：15:14:03
123127,耐普转债,sz300818,耐普矿机,C,37.00,,2022-05-04,2027-10-28,2025-10-28,,,100.000,y,54.13,30,30,0,0.00,,,50.45,110.000,n,130.000,15,30,0,,X,4.000,4.000,A+,A+,无,,,,szcy,,,未到转股期,123127,5.7870,380818,370818,,N,N,22.780,-,,,3.56,N,70000000.0,31453000.0,Y,47.85,24275.15,3.01%,00,buy,buy,buy,15:14:03,129.32,9.10%,5.797,-3.36%,-3.82%,141.098,141.098,-2.35%,28683.71,Y,0,0,,-,,N,-,buy,-,27-10-28,150.20,48.10,25.90,26.6%,11.9%,"转债占流动市值比：26.6%
转债占总市值比：11.9%",0.00,300818,sz123127,有效期：-；质押代码：123127,未到转股期；2022-05-04 开始转股,全价：141.098 最后更新：15:14:03
113525,台华转债,sh603055,台华新材,C,7.78,2021-05-28,2019-06-21,2024-12-16,2022-12-17,,,100.000,y,33.49,30,30,0,0.00,,,18.47,110.000,n,130.000,15,30,0,,N,5.330,1.854,AA,AA,无担保,,,,shmb,2021年12月28日公告：本次（2021年12月7日至2021年12月27日）不提前赎回，至2022年3月27日均不提前赎回,,113525,113525,0.9730,753055,754055,,N,N,29.060,buy,,,3.94,N,868874372.0,804671904.0,Y,16.26,11012.68,-4.24%,00,buy,buy,buy,14:59:51,209.00,9.23%,2.932,-21.48%,-22.08%,228.280,228.280,-2.87%,8017.28,Y,0,0,G,-,,N,-,buy,-,24-12-16,237.51,10.11,5.45,1.4%,1.3%,"转债占流动市值比：1.4%
转债占总市值比：1.3%",0.00,603055,sh113525,有效期：-；质押代码：113525,113525；2019-06-21 开始转股,全价：228.280 最后更新：14:59:51
123027,蓝晓转债,sz300487,蓝晓科技,C,29.02,2021-06-24,2019-12-17,2025-06-10,2023-06-12,,,100.000,y,20.75,30,30,0,0.00,,,268.75,113.000,n,130.000,15,30,0,,N,3.400,1.070,A+,A+,无担保,,,,szcy,2021年11月1日公告：本次（2021年9月9日至2021年10月29日）不行使提前赎回权利，至2022年1月29日前均不提前赎回,,123027,123027,1.6461,380487,370487,,N,N,71.900,buy,,,10.78,N,219785441.0,128363816.0,Y,97.89,64249.02,6.63%,00,buy,buy,buy,15:14:03,337.32,9.39%,3.414,-28.70%,-29.30%,369.000,369.000,4.83%,107556.28,Y,0,0,G,-,,N,-,buy,-,25-06-10,378.39,37.73,20.31,0.9%,0.5%,"转债占流动市值比：0.9%
转债占总市值比：0.5%",0.00,300487,sz123027,有效期：-；质押代码：123027,123027；2019-12-17 开始转股,全价：369.000 最后更新：15:14:03
113039,嘉泽转债,sh601619,嘉泽新能,C,3.46,2021-06-11,2021-03-01,2026-08-23,2024-08-23,,,100.000,y,50.67,30,30,0,0.00,,,28.81,108.000,n,130.000,15,30,0,,N,13.000,2.885,AA,AA,无担保,,,,shmb,2022年1月6日公告：本次（2021年12月15日至2022年1月5日）不提前赎回，至2022年4月5日均不提前赎回,,113039,113039,0.6260,764619,783619,,N,N,76.530,buy,,,2.41,N,2434220009.0,2365350009.0,Y,4.78,12628.51,1.27%,00,buy,buy,buy,14:59:59,138.15,9.40%,4.616,-6.25%,-6.70%,151.140,151.140,0.44%,12714.58,Y,0,0,G,-,,N,-,buy,-,26-08-23,160.54,4.50,2.42,2.6%,2.5%,"转债占流动市值比：2.6%
转债占总市值比：2.5%",0.00,601619,sh113039,有效期：-；质押代码：113039,113039；2021-03-01 开始转股,全价：151.140 最后更新：14:59:59
113609,永安转债,sh603776,永安行,C,16.48,2021-06-11,2021-05-31,2026-11-23,2024-11-25,,,100.000,y,58.38,30,30,0,0.00,,,4.17,115.000,n,130.000,15,30,2,,X,8.860,7.338,AA-,AA-,无担保,,,,shmb,,,113609,113609,4.7620,753776,754776,,N,N,81.304,buy,R,,1.33,N,233447522.0,231880822.0,Y,19.76,9041.34,-0.35%,00,buy,buy,buy,14:59:56,119.90,9.42%,4.868,-1.83%,-2.52%,131.200,131.200,-0.24%,4033.33,Y,0,0,,-,,N,-,buy,-,26-11-23,140.62,21.42,11.54,16.0%,15.9%,"转债占流动市值比：16.0%
转债占总市值比：15.9%",0.00,603776,sh113609,有效期：-；质押代码：113609,113609；2021-05-31 开始转股,全价：131.200 最后更新：14:59:56
123134,卡倍转债,sz300863,卡倍亿,C,92.50,,2022-07-01,2027-12-27,2025-12-29,,,100.000,y,76.60,30,30,0,0.00,,,,115.000,n,130.000,15,30,0,,X,2.790,2.790,A+,A+,无,,,,szcy,,,未到转股期,123134,5.0516,380863,370863,,N,N,79.110,-,R,,7.38,N,55230000.0,18720000.0,Y,84.53,12650.38,0.17%,00,buy,buy,buy,,91.38,9.43%,5.962,3.31%,2.68%,100.000,100.000,0.00%,0.00,Y,0,0,,-,,N,-,buy,-,27-12-27,109.43,120.25,64.75,17.6%,6.0%,"转债占流动市值比：17.6%
转债占总市值比：6.0%",0.00,300863,sz123134,有效期：-；质押代码：123134,未到转股期；2022-07-01 开始转股,待上市
127042,嘉美转债,sz002969,嘉美包装,C,4.87,,2022-02-14,2027-08-09,2025-08-11,,,100.000,y,61.09,30,30,0,0.00,,,2.03,112.000,n,130.000,15,30,0,,X,7.500,7.500,AA,AA,无,,,,szmb,,,未到转股期,127042,0.7809,082969,072969,,N,N,8.550,-,,,2.35,N,962265735.0,444176962.0,Y,5.58,2804.41,0.00%,00,buy,buy,buy,15:14:03,114.58,9.44%,5.578,-1.24%,-1.77%,125.394,125.394,-0.28%,1914.23,Y,0,0,,-,,N,-,buy,-,27-08-09,134.83,6.33,3.41,30.3%,14.0%,"转债占流动市值比：30.3%
转债占总市值比：14.0%",0.00,002969,sz127042,有效期：-；质押代码：127042,未到转股期；2022-02-14 开始转股,全价：125.394 最后更新：15:14:03
123063,大禹转债,sz300021,大禹节水,C,4.83,2021-06-16,2021-02-03,2026-07-27,2025-07-28,,,100.000,y,55.61,30,30,0,0.00,,,5.40,120.000,n,130.000,15,30,0,,X,6.380,6.346,AA-,AA-,无担保,,,,szcy,,,123063,123063,0.8100,380021,370021,,N,N,68.990,buy,,,2.96,N,801074638.0,639330960.0,Y,6.08,21813.32,-0.65%,00,buy,buy,buy,15:14:03,125.88,9.99%,4.542,-2.08%,-2.99%,138.451,138.451,-0.54%,4763.02,Y,0,0,,-,,N,-,buy,-,26-07-27,148.44,6.28,3.38,16.3%,13.0%,"转债占流动市值比：16.3%
转债占总市值比：13.0%",0.00,300021,sz123063,有效期：-；质押代码：123063,123063；2021-02-03 开始转股,全价：138.451 最后更新：15:14:03
113025,明泰转债,sh601677,明泰铝业,C,11.00,2021-05-14,2019-10-16,2025-04-09,2023-04-10,,,100.000,y,18.83,30,30,0,0.00,,,1.35,110.000,n,130.000,15,30,0,,N,18.390,10.966,AA,AA,无担保,,,,shmb,2021年7月19日公告：本次（2021年6月29日至2021年7月19日）不行使明泰转债的提前赎回权利，至2022年1月18日均不提前赎回,,113025,113025,3.1170,764677,783677,,N,N,24.000,buy,,,2.73,N,682582320.0,682436220.0,Y,40.90,18006.47,-2.73%,00,buy,buy,buy,14:59:57,371.82,10.10%,3.244,-32.88%,-33.34%,409.370,409.370,-3.74%,6199.12,Y,0,0,G,-,,N,-,buy,-,25-04-09,419.47,14.30,7.70,3.9%,3.9%,"转债占流动市值比：3.9%
转债占总市值比：3.9%",0.00,601677,sh113025,有效期：-；质押代码：113025,113025；2019-10-16 开始转股,全价：409.370 最后更新：14:59:57
123097,美力转债,sz300611,美力科技,C,9.28,2021-07-09,2021-08-02,2027-01-26,2025-01-27,,,100.000,y,58.21,30,30,0,0.00,,,13.92,115.000,n,130.000,15,30,6,,X,3.000,2.999,A+,A+,无,,,,szcy,,,123097,123097,1.7295,380611,370611,,N,N,57.250,buy,,,2.48,N,178963188.0,121740438.0,Y,11.16,2507.12,0.72%,00,buy,buy,buy,15:14:03,120.26,10.10%,5.044,-1.72%,-2.42%,132.410,132.410,-0.58%,5561.44,Y,0,0,,-,,N,-,buy,-,27-01-26,142.51,12.06,6.50,22.1%,15.0%,"转债占流动市值比：22.1%
转债占总市值比：15.0%",0.00,300611,sz123097,有效期：-；质押代码：123097,123097；2021-08-02 开始转股,全价：132.410 最后更新：15:14:03
123109,昌红转债,sz300151,昌红科技,C,28.06,2021-06-02,2021-10-08,2027-03-31,2025-03-31,,,100.000,y,54.14,30,30,0,0.00,,,2.14,115.000,n,130.000,15,30,0,,N,4.600,4.596,AA-,AA-,无,,,,szcy,2021年11月30日公告：本次（2021年11月1日至2021年11月29日）不行使提前赎回权利，至2022年5月27日均不提前赎回,,123109,123109,0.9263,380151,370151,,N,N,29.800,buy,,,16.24,N,502506221.0,315770871.0,Y,36.28,6423.17,-1.33%,00,buy,buy,buy,15:14:03,129.29,10.21%,5.219,-3.14%,-3.80%,142.490,142.490,-1.37%,1412.47,Y,0,0,G,-,,N,-,buy,-,27-03-31,152.70,36.48,19.64,4.0%,2.5%,"转债占流动市值比：4.0%
转债占总市值比：2.5%",0.00,300151,sz123109,有效期：-；质押代码：123109,123109；2021-10-08 开始转股,全价：142.490 最后更新：15:14:03
123031,晶瑞转债,sz300655,晶瑞电材,C,10.13,2021-05-07,2020-03-05,2025-08-28,2023-08-28,,,100.000,y,18.48,30,30,0,0.00,,,38.03,111.000,n,130.000,15,30,10,,X,1.850,0.530,A+,A+,无担保,,,,szcy,,,123031,123031,1.2217,380655,370655,,N,N,8.110,buy,,,8.38,N,340638672.0,289329418.0,Y,38.38,49139.37,-5.35%,00,buy,buy,buy,15:14:03,378.87,10.33%,3.630,-30.20%,-30.66%,418.000,418.000,-3.54%,8543.54,Y,0,0,,-,,N,-,buy,-,25-08-28,428.33,13.17,7.09,0.5%,0.4%,"转债占流动市值比：0.5%
转债占总市值比：0.4%",0.00,300655,sz123031,有效期：-；质押代码：123031,123031；2020-03-05 开始转股,全价：418.000 最后更新：15:14:03
113567,君禾转债,sh603617,君禾股份,C,10.58,2021-12-09,2020-09-10,2026-03-03,2024-03-04,,,100.000,y,59.39,30,30,0,0.00,,,5.29,113.000,n,130.000,15,30,0,,X,2.100,2.099,A+,A+,股票质押担保,,,,shmb,,,113567,113567,1.4730,753617,754617,,N,N,70.840,buy,,,4.33,N,259301043.0,199462981.0,Y,12.47,1138.67,0.40%,00,buy,buy,buy,14:59:40,117.86,10.37%,4.142,-2.22%,-2.98%,130.090,130.090,-0.69%,1451.38,Y,0,0,,-,,N,-,buy,-,26-03-03,140.46,13.75,7.41,8.4%,6.5%,"转债占流动市值比：8.4%
转债占总市值比：6.5%",0.00,603617,sh113567,有效期：-；质押代码：113567,113567；2020-09-10 开始转股,全价：130.090 最后更新：14:59:40
123046,天铁转债,sz300587,天铁股份,C,6.73,2021-12-07,2020-09-25,2026-03-18,2024-03-18,,,100.000,y,24.97,30,30,0,0.00,,,292.31,112.000,n,130.000,15,30,0,,N,3.990,0.603,AA-,AA-,无担保,,,,szcy,2021年12月28日公告：本次（2021年12月7日至2021年12月27日）不提前赎回，至2022年6月27日均不提前赎回,,123046,123046,2.1957,380587,370587,,N,N,52.910,buy,,,6.93,N,628245517.0,478444620.0,Y,18.87,36209.39,3.68%,00,buy,buy,buy,15:14:03,280.39,10.49%,4.184,-20.98%,-21.50%,309.800,309.800,3.09%,55664.79,Y,0,0,G,-,,N,-,buy,-,26-03-18,320.29,8.75,4.71,0.7%,0.5%,"转债占流动市值比：0.7%
转债占总市值比：0.5%",0.00,300587,sz123046,有效期：-；质押代码：123046,123046；2020-09-25 开始转股,全价：309.800 最后更新：15:14:03
113017,吉视转债,sh601929,吉视传媒,C,2.23,2021-12-08,2018-07-03,2023-12-27,2021-12-27,,,100.000,y,61.70,30,30,0,0.00,,,31.44,106.000,n,130.000,15,30,0,,X,15.600,15.589,AA+,AA+,无担保,,,,shmb,,,113017,113017,0.5010,764929,783929,,N,N,3.800,buy,R,,1.12,N,3111176649.0,3111176649.0,Y,2.53,67678.20,10.00%,00,buy,buy,buy,15:00:00,113.45,10.65%,1.959,-7.66%,-8.32%,125.540,125.540,3.50%,61431.52,Y,1,1,,-,,N,-,buy,-,23-12-27,136.19,2.90,1.56,19.8%,19.8%,"转债占流动市值比：19.8%
转债占总市值比：19.8%",0.00,601929,sh113017,有效期：-；质押代码：113017,113017；2018-07-03 开始转股,全价：125.540 最后更新：15:00:00
127029,中钢转债,sz000928,中钢国际,C,5.79,2021-09-24,2021-09-27,2027-03-18,2025-03-18,,,100.000,y,50.29,30,30,0,0.00,,,7.94,113.000,n,130.000,15,30,0,,N,9.600,8.195,AA+,AA+,无,,,,szmb,2021年10月26日公告：本次（2021年9月27日至10月26日）不行使提前赎回权利，至2022年4月25日前均不提前赎回,,127029,127029,0.7639,080928,070928,,N,N,20.710,buy,R,,1.71,N,1280919103.0,1280887903.0,Y,8.06,29985.87,-4.05%,00,buy,buy,buy,15:14:03,139.21,10.73%,5.184,-5.17%,-5.72%,154.147,154.147,-3.36%,10257.77,Y,0,0,G,-,,N,-,buy,-,27-03-18,164.88,7.53,4.05,7.9%,7.9%,"转债占流动市值比：7.9%
转债占总市值比：7.9%",0.00,000928,sz127029,有效期：-；质押代码：127029,127029；2021-09-27 开始转股,全价：154.147 最后更新：15:14:03
113568,新春转债,sh603667,五洲新春,C,8.75,2021-06-15,2020-09-14,2026-03-05,2024-03-05,,,100.000,y,38.69,30,30,0,0.00,,,9.30,118.000,n,130.000,15,30,0,,N,3.300,2.436,AA-,AA-,无担保,,,,shmb,2021年8月10日公告：本次（2021年7月12日至2021年8月10日）不行使提前赎回权利，至2022年2月10日均不提前赎回,,113568,113568,1.1600,753667,754667,,N,N,15.920,buy,,,2.48,N,301173285.0,265065997.0,Y,15.83,3418.96,-0.44%,00,buy,buy,buy,14:59:50,180.91,10.75%,4.148,-11.10%,-11.93%,200.360,200.360,-0.99%,4597.54,Y,0,0,G,-,,N,-,buy,-,26-03-05,211.11,11.38,6.12,5.8%,5.1%,"转债占流动市值比：5.8%
转债占总市值比：5.1%",0.00,603667,sh113568,有效期：-；质押代码：113568,113568；2020-09-14 开始转股,全价：200.360 最后更新：14:59:50
123110,九典转债,sz300705,九典制药,C,26.44,2021-05-19,2021-10-08,2027-03-31,2025-03-31,,,100.000,y,53.65,30,30,0,0.00,,,24.79,115.000,n,130.000,15,30,2,,X,2.700,2.698,A+,A+,无,,,,szcy,,,123110,123110,1.1505,380705,370705,,N,N,44.270,buy,,,7.61,N,234687298.0,142890383.0,Y,34.50,16261.95,2.47%,00,buy,buy,buy,15:14:03,130.48,10.88%,5.219,-3.38%,-4.04%,144.679,144.679,-0.57%,9677.72,Y,0,0,,-,,N,-,buy,-,27-03-31,155.56,34.37,18.51,5.5%,3.3%,"转债占流动市值比：5.5%
转债占总市值比：3.3%",0.00,300705,sz123110,有效期：-；质押代码：123110,123110；2021-10-08 开始转股,全价：144.679 最后更新：15:14:03
110077,洪城转债,sh600461,洪城环境,C,6.71,2021-07-09,2021-05-26,2026-11-19,2024-11-19,,,100.000,y,53.86,30,30,0,0.00,,,1.17,110.000,n,130.000,15,30,1,,X,18.000,17.678,AA+,AA+,无担保,,,,shmb,,,110077,110077,1.8980,704461,733461,,N,N,81.140,buy,,,1.46,N,952834715.0,915365970.0,Y,8.72,7777.79,-0.46%,00,buy,buy,buy,14:59:55,129.96,10.96%,4.858,-4.90%,-5.35%,144.200,144.200,-0.69%,2995.71,Y,0,0,,-,,N,-,buy,-,26-11-19,155.16,8.72,4.70,22.1%,21.3%,"转债占流动市值比：22.1%
转债占总市值比：21.3%",0.00,600461,sh110077,有效期：-；质押代码：110077,110077；2021-05-26 开始转股,全价：144.200 最后更新：14:59:55
127028,英特转债,sz000411,英特集团,C,13.22,2021-12-24,2021-07-12,2027-01-04,2025-01-06,,,100.000,y,59.97,30,30,0,0.00,,,38.38,108.000,n,130.000,15,30,0,,X,6.000,5.990,AA+,AA+,无担保,,,,szmb,,,127028,127028,2.4102,080411,070411,,N,N,52.150,buy,,,2.09,N,255376150.0,207422211.0,Y,15.43,21890.74,4.26%,00,buy,buy,buy,15:14:03,116.72,11.29%,4.984,-2.84%,-3.28%,129.900,129.900,1.90%,29813.25,Y,1,1,,-,,N,-,buy,-,27-01-04,141.19,17.19,9.25,18.7%,15.2%,"转债占流动市值比：18.7%
转债占总市值比：15.2%",0.00,000411,sz127028,有效期：-；质押代码：127028,127028；2021-07-12 开始转股,全价：129.900 最后更新：15:14:03
113626,伯特转债,sh603596,伯特利,C,36.01,2021-10-28,2022-01-05,2027-06-28,2025-06-27,,,100.000,y,37.85,30,30,0,0.00,,,10.78,116.000,n,130.000,15,30,5,,X,9.020,9.020,AA,AA,无,,,,shmb,,,113626,113626,2.2130,753596,754596,,N,N,70.636,buy,,,8.19,N,408446000.0,406626000.0,Y,66.60,29036.03,-5.03%,00,buy,buy,buy,14:59:58,184.95,11.41%,5.463,-9.41%,-9.97%,206.060,206.060,-4.80%,20484.10,Y,0,0,,-,,N,-,buy,-,27-06-28,217.47,46.81,25.21,3.3%,3.3%,"转债占流动市值比：3.3%
转债占总市值比：3.3%",0.00,603596,sh113626,有效期：-；质押代码：113626,113626；2022-01-05 开始转股,全价：206.060 最后更新：14:59:58
132014,18中化EB,sh601117,中国化学,E,7.39,2021-09-10,2019-04-25,2023-04-24,2022-04-24,,,100.000,y,45.74,30,30,0,1.11,2022-01-12,2022-01-12,0.00,106.000,y,130.000,15,30,0,,N,35.000,14.906,AAA,AAA,预备用于交换的中国化学股票设定为本次债券的担保物,,,,shmb,2021年8月19日公告：本次（2021年7月8日至2021年8月18日）不提前赎回，至2022年3月18日均不提前赎回,,132014,132014,,,,,Q,Q,,buy,R,,1.40,N,6109470588.0,4933000000.0,Y,11.31,56118.43,-1.82%,00,buy,buy,buy,14:28:47,153.04,11.50%,1.282,-30.25%,-31.02%,170.000,170.648,-0.87%,0.17,Y,0,0,G,-,,N,-,buy,-,23-04-24,181.50,9.61,5.17,2.7%,2.2%,"转债占流动市值比：2.7%
转债占总市值比：2.2%",0.00,601117,sh132014,有效期：2022-01-12 到 2022-01-12；质押代码：132014,132014；2019-04-25 开始转股,全价：170.648 最后更新：14:28:47
110066,盛屯转债,sh600711,盛屯矿业,C,4.87,2021-07-14,2020-09-07,2026-03-02,2024-03-01,,,100.000,y,33.03,30,30,0,0.00,,,15.50,110.000,n,130.000,15,30,0,,N,23.860,3.834,AA,AA,无担保,,,,shmb,2021年12月25日公告：本次（2021年12月6日至2021年12月24日）不提前赎回，至2022年1月24日均不提前赎回,,110066,110066,1.0330,704711,733711,,N,N,33.540,buy,R,,2.29,N,2747143184.0,2605882223.0,Y,10.32,57629.33,2.08%,00,buy,buy,buy,14:59:55,211.91,11.56%,4.140,-16.25%,-16.74%,236.400,236.400,0.40%,14063.65,Y,0,0,G,-,,N,-,buy,-,26-03-02,247.96,6.33,3.41,1.4%,1.4%,"转债占流动市值比：1.4%
转债占总市值比：1.4%",0.00,600711,sh110066,有效期：-；质押代码：110066,110066；2020-09-07 开始转股,全价：236.400 最后更新：14:59:55
127027,靖远转债,sz000552,靖远煤电,C,3.13,2021-10-12,2021-06-16,2026-12-09,2024-12-09,,,100.000,y,59.22,30,30,0,0.00,,,2.94,110.000,n,130.000,15,30,0,,X,28.000,24.307,AA+,AA+,无担保,,,,szmb,,,127027,127027,1.2243,080552,070552,,N,N,35.200,buy,R,,1.02,N,2350879797.0,2347628690.0,Y,3.70,25661.12,0.54%,00,buy,buy,buy,15:14:03,118.21,11.76%,4.912,-2.85%,-3.37%,132.110,132.110,-0.83%,9501.59,Y,0,0,,-,,N,-,buy,-,26-12-09,143.87,4.07,2.19,28.0%,27.9%,"转债占流动市值比：28.0%
转债占总市值比：27.9%",0.00,000552,sz127027,有效期：-；质押代码：127027,127027；2021-06-16 开始转股,全价：132.110 最后更新：15:14:03
128121,宏川转债,sz002930,宏川智慧,C,19.89,2021-10-11,2021-01-25,2026-07-16,2024-07-16,,,100.000,y,59.88,30,30,0,0.00,,,3.13,108.000,n,130.000,15,30,9,,X,6.700,6.699,AA-,AA-,无担保,,,,szmb,,,128121,128121,1.5099,082930,072930,,N,N,77.700,buy,,,4.57,N,446826731.0,424324536.0,Y,23.25,4595.54,-1.57%,00,buy,buy,buy,15:14:03,116.89,12.07%,4.512,-3.30%,-3.79%,131.000,131.000,-1.73%,2775.37,Y,0,0,,-,,N,-,buy,-,26-07-16,143.07,25.86,13.92,6.8%,6.4%,"转债占流动市值比：6.8%
转债占总市值比：6.4%",0.00,002930,sz128121,有效期：-；质押代码：128121,128121；2021-01-25 开始转股,全价：131.000 最后更新：15:14:03
128107,交科转债,sz002061,浙江交科,C,5.24,2021-07-13,2020-10-28,2026-04-22,2024-04-22,,,100.000,y,61.13,30,30,0,0.00,,,1.91,110.000,n,130.000,15,30,0,,X,25.000,24.997,AA+,AA+,无担保,,,,szmb,,,128107,128107,1.8173,082061,072061,,N,N,83.390,buy,,,0.90,N,1375702619.0,1375702619.0,Y,6.00,15206.34,1.01%,00,buy,buy,buy,15:14:03,114.50,12.20%,4.279,-2.63%,-3.23%,128.479,128.479,-1.14%,6189.38,Y,0,0,,-,,N,-,buy,-,26-04-22,140.68,6.81,3.67,30.3%,30.3%,"转债占流动市值比：30.3%
转债占总市值比：30.3%",0.00,002061,sz128107,有效期：-；质押代码：128107,128107；2020-10-28 开始转股,全价：128.479 最后更新：15:14:03
113550,常汽转债,sh603035,常熟汽饰,C,9.33,2021-05-28,2020-05-22,2025-11-17,2023-11-17,,,100.000,y,34.78,30,30,0,0.00,,,62.49,115.000,n,130.000,15,30,0,,N,9.924,2.147,AA-,AA-,无担保,,,,shmb,2021年12月3日公告：本次（2021年11月12日至2021年12月2日）不行使提前赎回权利，至2022年3月2日）均不提前赎回,,113550,113550,3.5440,753035,754035,,N,N,49.290,buy,,,1.71,N,360749112.0,360749112.0,Y,18.78,31418.22,-0.32%,00,buy,buy,buy,15:00:00,201.29,12.38%,3.852,-15.33%,-16.06%,226.210,226.210,-3.29%,30789.80,Y,0,0,G,-,,N,-,buy,-,25-11-17,238.59,12.13,6.53,3.2%,3.2%,"转债占流动市值比：3.2%
转债占总市值比：3.2%",0.00,603035,sh113550,有效期：-；质押代码：113550,113550；2020-05-22 开始转股,全价：226.210 最后更新：15:00:00
123080,海波转债,sz300517,海波重科,C,11.58,2021-06-01,2021-06-08,2026-12-01,2024-12-02,,,100.000,y,60.40,30,30,0,0.00,,,5.43,120.000,n,130.000,15,30,0,,X,2.450,2.435,A+,A+,无担保,,,,szcy,,,123080,123080,2.2955,380517,370517,,N,N,77.246,buy,,,2.83,N,192182818.0,112564498.0,Y,13.42,1577.43,0.15%,00,buy,buy,buy,15:14:03,115.89,12.39%,4.890,-0.69%,-1.55%,130.250,130.250,-1.13%,1731.38,Y,0,0,,-,,N,-,buy,-,26-12-01,142.64,15.05,8.11,16.1%,9.4%,"转债占流动市值比：16.1%
转债占总市值比：9.4%",0.00,300517,sz123080,有效期：-；质押代码：123080,123080；2021-06-08 开始转股,全价：130.250 最后更新：15:14:03
113027,华钰转债,sh601020,ST华钰,C,10.17,,2019-12-20,2025-06-13,2023-06-14,,,100.000,y,59.08,30,30,0,0.00,,,11.58,110.000,n,130.000,15,30,0,,N,6.400,3.098,A,A,无担保,,,,shmb,2021年11月10日公告，本次（2021年10月19日至2021年11月9日）不行使提前赎回权利，至2022年4月18日均不提前赎回,,113027,113027,1.2160,764020,783020,,N,N,4.450,buy,,,2.50,N,555312548.0,555314020.0,Y,12.05,8643.55,-1.07%,00,buy,buy,buy,14:59:58,118.49,12.55%,3.422,-4.49%,-5.19%,133.360,133.360,-1.34%,4833.13,Y,0,0,G,-,,N,-,buy,-,25-06-13,145.91,13.22,7.12,4.6%,4.6%,"转债占流动市值比：4.6%
转债占总市值比：4.6%",0.00,601020,sh113027,有效期：-；质押代码：113027,113027；2019-12-20 开始转股,全价：133.360 最后更新：14:59:58
113527,维格转债,sh603518,锦泓集团,C,9.85,2020-08-05,2019-07-30,2025-01-23,2023-01-23,,,100.000,y,54.98,30,30,0,0.00,,,49.35,115.000,n,130.000,15,30,1,,X,7.460,2.864,AA,AA,无担保,,,,shmb,,,113527,113527,4.1310,753518,754518,,N,N,4.910,buy,,,1.50,N,296628771.0,296628771.0,Y,12.54,7328.96,2.12%,00,buy,buy,buy,14:59:59,127.31,12.59%,3.036,-5.93%,-6.95%,143.340,143.340,0.59%,20462.68,Y,1,1,,-,,N,-,buy,-,25-01-23,155.93,12.80,6.89,7.7%,7.7%,"转债占流动市值比：7.7%
转债占总市值比：7.7%",0.00,603518,sh113527,有效期：-；质押代码：113527,113527；2019-07-30 开始转股,全价：143.340 最后更新：14:59:59
123071,天能转债,sz300569,天能重工,C,7.91,2021-08-02,2021-04-27,2026-10-20,2024-10-21,,,100.000,y,43.39,30,30,0,0.00,,,7.48,115.000,n,130.000,15,30,0,,N,7.000,6.943,AA-,AA-,无担保,,,,szcy,2021年10月15日公告：本次（2021年9月15日至2021年10月14日）不提前赎回，至2022年10月14日均不提前赎回,,123071,123071,1.7863,380569,370569,,N,N,70.512,buy,,,2.80,N,797386255.0,571997143.0,Y,12.76,16733.16,-2.74%,00,buy,buy,buy,15:14:03,161.31,12.62%,4.775,-8.35%,-9.00%,181.680,181.680,-3.10%,9684.58,Y,1,1,G,-,,N,-,buy,-,26-10-20,194.30,10.28,5.54,9.5%,6.8%,"转债占流动市值比：9.5%
转债占总市值比：6.8%",0.00,300569,sz123071,有效期：-；质押代码：123071,123071；2021-04-27 开始转股,全价：181.680 最后更新：15:14:03
113610,灵康转债,sh603669,灵康药业,C,8.61,2021-05-31,2021-06-07,2026-11-30,2024-11-29,,,100.000,y,61.19,30,30,0,0.00,,,5.49,115.000,n,130.000,15,30,0,,X,5.250,4.580,AA-,AA-,控股股东灵康控股保证的担保方式,,,,shmb,,,113610,113610,0.7350,753669,754669,,N,N,78.680,buy,,,4.83,N,721227382.0,721227382.0,Y,9.85,3617.10,1.44%,00,buy,buy,buy,14:59:57,114.40,12.79%,4.888,-1.38%,-2.09%,129.030,129.030,0.13%,3255.72,Y,0,0,,-,,N,-,buy,-,26-11-30,141.82,11.19,6.03,6.4%,6.4%,"转债占流动市值比：6.4%
转债占总市值比：6.4%",0.00,603669,sh113610,有效期：-；质押代码：113610,113610；2021-06-07 开始转股,全价：129.030 最后更新：14:59:57
128040,华通转债,sz002758,浙农股份,C,10.15,2021-06-07,2018-12-21,2024-06-13,2022-06-14,,,100.000,y,59.36,30,30,0,0.00,,,8.96,108.000,n,130.000,15,30,0,,X,2.240,2.222,AA,AA,出质人钱木水、沈剑巢、朱国良将其合法拥有的公司股票作为质押资产进行质押担保，钱木水、沈剑巢、朱国良为本次发行可转债提供连带责任保证,,,,szmb,,,128040,128040,1.0666,082758,072758,,N,N,29.770,buy,,,1.76,N,487993037.0,195027600.0,Y,11.97,4984.68,1.01%,00,buy,buy,buy,15:14:03,117.93,12.89%,2.422,-7.25%,-8.02%,133.129,133.129,0.31%,2654.49,Y,0,0,,-,,N,-,buy,-,24-06-13,146.02,13.20,7.11,9.5%,3.8%,"转债占流动市值比：9.5%
转债占总市值比：3.8%",0.00,002758,sz128040,有效期：-；质押代码：128040,128040；2018-12-21 开始转股,全价：133.129 最后更新：15:14:03
127011,中鼎转2,sz000887,中鼎股份,C,11.39,2021-06-07,2019-09-16,2025-03-08,2023-03-08,,,100.000,y,38.15,30,30,0,0.00,,,5.22,110.000,n,130.000,15,30,6,,X,12.000,11.987,AA+,AA+,无担保,,,,szmb,,,127011,127011,0.9829,080887,070887,,N,N,63.530,buy,R,,2.71,N,1220929912.0,1218337489.0,Y,20.90,46652.99,-3.51%,00,buy,buy,buy,15:14:03,183.49,12.97%,3.156,-17.44%,-18.06%,207.301,207.301,-4.47%,13220.85,Y,0,0,,-,,N,-,buy,-,25-03-08,220.27,14.81,7.97,4.7%,4.7%,"转债占流动市值比：4.7%
转债占总市值比：4.7%",0.00,000887,sz127011,有效期：-；质押代码：127011,127011；2019-09-16 开始转股,全价：207.301 最后更新：15:14:03
128075,远东转债,sz002406,远东传动,C,5.29,2021-07-13,2020-03-27,2025-09-23,2023-09-25,,,100.000,y,59.92,30,30,0,0.00,,,2.16,110.000,n,130.000,15,30,0,,X,8.940,5.438,AA,AA,无担保,,,,szmb,,,128075,128075,1.5930,082406,072406,,N,N,42.076,buy,,,1.14,N,624158139.0,496148542.0,Y,6.18,2777.54,0.16%,00,buy,buy,buy,15:14:03,116.82,13.08%,3.701,-3.90%,-4.56%,132.100,132.100,0.31%,1556.99,Y,0,0,,-,,N,-,buy,-,25-09-23,145.18,6.88,3.70,17.7%,14.1%,"转债占流动市值比：17.7%
转债占总市值比：14.1%",0.00,002406,sz128075,有效期：-；质押代码：128075,128075；2020-03-27 开始转股,全价：132.100 最后更新：15:14:03
113504,艾华转债,sh603989,艾华集团,C,20.81,2021-06-24,2018-09-08,2024-03-02,2022-03-02,,,100.000,y,39.46,30,30,0,0.00,,,2.84,106.000,n,130.000,15,30,0,,N,6.910,4.628,AA,AA,无担保,,,,shmb,2022年1月7日公告：本次（2021年12月17日至2022年1月7日）不提前赎回，至2022年4月7日均不提前赎回,,113504,113504,2.3030,753989,754989,,N,N,82.470,buy,R,,5.02,N,400813533.0,400813533.0,Y,36.92,5033.08,-1.81%,00,buy,buy,buy,14:59:53,177.41,13.19%,2.140,-25.10%,-25.64%,200.810,200.810,-0.51%,2639.93,Y,1,1,G,-,,N,-,buy,-,24-03-02,214.00,27.05,14.57,3.1%,3.1%,"转债占流动市值比：3.1%
转债占总市值比：3.1%",0.00,603989,sh113504,有效期：-；质押代码：113504,113504；2018-09-08 开始转股,全价：200.810 最后更新：14:59:53
113629,泉峰转债,sh603982,泉峰汽车,C,23.03,,2022-03-22,2027-09-13,2025-09-15,,,100.000,y,41.18,30,30,0,0.00,,,9.24,115.000,n,130.000,15,30,0,,X,6.200,6.200,AA-,AA-,无,,,,shmb,,,未到转股期,113629,3.0780,753982,754982,,N,N,36.230,buy,,,4.33,N,201415700.0,81723140.0,Y,39.15,10458.77,-4.02%,00,buy,buy,buy,14:59:58,170.00,13.21%,5.674,-7.98%,-8.54%,192.460,192.460,-3.77%,11294.75,Y,0,0,,-,,N,-,buy,-,27-09-13,205.67,29.94,16.12,19.4%,7.9%,"转债占流动市值比：19.4%
转债占总市值比：7.9%",0.00,603982,sh113629,有效期：-；质押代码：113629,未到转股期；2022-03-22 开始转股,全价：192.460 最后更新：14:59:58
123084,高澜转债,sz300499,高澜股份,C,9.01,2021-09-22,2021-06-16,2026-12-09,2024-12-09,,,100.000,y,46.07,30,30,0,0.00,,,11.97,115.000,n,130.000,15,30,6,,X,2.800,2.544,A+,A+,无担保,,,,szcy,,,123084,123084,1.0061,380499,370499,,N,N,67.220,buy,,,4.07,N,280804041.0,241690999.0,Y,13.69,11254.19,-2.56%,00,buy,buy,buy,15:14:03,151.94,13.86%,4.912,-7.09%,-7.76%,173.000,173.000,-1.33%,5292.92,Y,1,1,,-,,N,-,buy,-,26-12-09,186.86,11.71,6.31,7.7%,6.6%,"转债占流动市值比：7.7%
转债占总市值比：6.6%",0.00,300499,sz123084,有效期：-；质押代码：123084,123084；2021-06-16 开始转股,全价：173.000 最后更新：15:14:03
128145,日丰转债,sz002953,日丰股份,C,13.66,2021-06-02,2021-09-27,2027-03-21,2025-03-21,,,100.000,y,57.12,30,30,0,0.00,,,2.84,110.000,n,130.000,30,30,0,,X,3.800,3.797,AA-,AA-,股份质押的担保方式,,,,szmb,,,128145,128145,2.1854,082953,072953,,N,N,79.780,buy,,,3.28,N,243382760.0,74669185.0,Y,16.74,3001.40,0.78%,00,buy,buy,buy,15:14:03,122.55,14.00%,5.192,-3.68%,-4.18%,139.700,139.700,-0.82%,1510.27,Y,0,0,,-,,N,-,buy,-,27-03-21,153.70,17.76,9.56,30.4%,9.3%,"转债占流动市值比：30.4%
转债占总市值比：9.3%",0.00,002953,sz128145,有效期：-；质押代码：128145,128145；2021-09-27 开始转股,全价：139.700 最后更新：15:14:03
113549,白电转债,sh603861,白云电器,C,9.06,2021-11-16,2020-05-21,2025-11-14,2023-11-14,,,100.000,y,58.89,30,30,0,0.00,,,6.55,110.000,n,130.000,15,30,7,,X,8.800,8.048,AA,AA,无担保,,,,shmb,,,113549,113549,1.9470,753861,753861,,N,N,62.480,buy,,,1.74,N,435981858.0,421289381.0,Y,10.77,4490.23,-0.65%,00,buy,buy,buy,14:59:55,118.87,14.04%,3.844,-4.41%,-5.04%,135.560,135.560,-1.19%,7232.86,Y,0,0,,-,,N,-,buy,-,25-11-14,149.60,11.78,6.34,17.7%,17.1%,"转债占流动市值比：17.7%
转债占总市值比：17.1%",0.00,603861,sh113549,有效期：-；质押代码：113549,113549；2020-05-21 开始转股,全价：135.560 最后更新：14:59:55
113545,金能转债,sh603113,金能科技,C,10.43,2021-05-31,2020-04-20,2025-10-13,2023-10-13,,,100.000,y,45.43,30,30,0,0.00,,,1.18,110.000,n,130.000,15,30,0,,N,15.000,9.867,AA,AA,无担保,,,,shmb,2021年12月23日公告：本次（2021年12月3日至2021年12月23日）不提前赎回，至2022年3月22日均不提前赎回,,113545,113545,2.2190,753113,754113,,N,N,47.100,buy,R,,1.54,N,855071934.0,723665890.0,Y,16.07,18902.25,1.32%,00,buy,buy,buy,14:59:50,154.07,14.07%,3.756,-10.99%,-11.57%,175.750,175.750,0.30%,2057.02,Y,0,0,G,-,,N,-,buy,-,25-10-13,189.82,13.56,7.30,8.5%,7.2%,"转债占流动市值比：8.5%
转债占总市值比：7.2%",0.00,603113,sh113545,有效期：-；质押代码：113545,113545；2020-04-20 开始转股,全价：175.750 最后更新：14:59:50
113599,嘉友转债,sh603871,嘉友国际,C,18.32,2021-06-15,2021-02-18,2026-08-04,2024-08-04,,,100.000,y,57.92,30,30,0,0.00,,,3.09,120.000,n,130.000,15,30,0,,X,7.200,7.198,AA-,AA-,无担保,,,,shmb,,,113599,113599,3.2790,753871,754871,,N,N,90.430,buy,,,3.20,N,316960704.0,285385258.0,Y,22.14,2403.43,0.18%,00,buy,buy,buy,14:59:56,120.85,14.31%,4.564,-2.10%,-3.00%,138.140,138.140,-0.63%,3081.08,Y,0,0,,-,,N,-,buy,-,26-08-04,152.45,23.82,12.82,11.4%,10.3%,"转债占流动市值比：11.4%
转债占总市值比：10.3%",0.00,603871,sh113599,有效期：-；质押代码：113599,113599；2021-02-18 开始转股,全价：138.140 最后更新：14:59:56
127003,海印转债,sz000861,海印股份,C,2.99,2021-07-21,2016-12-16,2022-06-08,2020-06-08,,,100.000,y,65.82,30,30,0,0.37,2022-01-12,2022-01-12,9.77,110.000,n,130.000,15,30,0,,X,11.110,6.736,AA,AA,广州海印实业集团有限公司责任人担保,,,,szmb,,,127003,127003,0.4938,080861,070861,4,N,N,,buy,R,,1.95,N,2325574211.0,2184526848.0,Y,3.18,34634.73,-5.92%,00,buy,buy,buy,15:14:03,106.35,14.52%,0.405,-23.91%,-27.96%,121.794,121.794,-0.89%,8073.55,Y,2,2,,-,,N,-,buy,-,22-06-08,136.31,3.89,2.09,9.7%,9.1%,"转债占流动市值比：9.7%
转债占总市值比：9.1%",0.00,000861,sz127003,有效期：2022-01-12 到 2022-01-12；质押代码：127003,127003；2016-12-16 开始转股,全价：121.794 最后更新：15:14:03
128141,旺能转债,sz002034,旺能环境,C,15.97,2021-05-31,2021-06-23,2026-12-16,2024-12-16,,,100.000,y,55.59,30,30,0,0.00,,,6.31,110.000,n,130.000,15,30,0,,X,14.000,12.702,AA,AA,无担保,,,,szmb,,,128141,128141,3.3225,082034,072034,,N,N,69.760,buy,,,1.67,N,429489031.0,426240243.0,Y,20.11,23959.30,-2.90%,00,buy,buy,buy,15:14:03,125.92,14.68%,4.932,-4.62%,-5.12%,144.410,144.410,-0.89%,11640.96,Y,0,0,,-,,N,-,buy,-,26-12-16,159.09,20.76,11.18,14.8%,14.7%,"转债占流动市值比：14.8%
转债占总市值比：14.7%",0.00,002034,sz128141,有效期：-；质押代码：128141,128141；2021-06-23 开始转股,全价：144.410 最后更新：15:14:03
113048,晶科转债,sh601778,晶科科技,C,5.46,2021-10-27,2021-10-29,2027-04-22,2025-04-22,,,100.000,y,51.03,30,30,0,0.00,,,5.95,112.000,n,130.000,15,30,0,,N,30.000,22.968,AA,AA,无,,,,shmb,2021年11月19日公告：本次（2021年10月29日至2021年11月18日）不行使提前赎回权利，至2022年5月18日均不提前赎回,,113048,113048,1.0840,764778,783778,,N,N,37.350,buy,,,1.83,N,2894287104.0,2040887104.0,Y,7.49,42744.98,-3.48%,00,buy,buy,buy,14:59:59,137.18,14.74%,5.279,-5.54%,-6.06%,157.400,157.400,-3.33%,21787.07,Y,1,1,G,-,,N,-,buy,-,27-04-22,172.14,7.10,3.82,15.0%,10.6%,"转债占流动市值比：15.0%
转债占总市值比：10.6%",0.00,601778,sh113048,有效期：-；质押代码：113048,113048；2021-10-29 开始转股,全价：157.400 最后更新：14:59:59
123035,利德转债,sz300296,利亚德,C,6.96,2021-05-24,2020-05-20,2025-11-13,2023-11-13,,,100.000,y,47.26,30,30,0,0.00,,,5.73,110.000,n,130.000,15,30,0,,N,8.000,7.988,AA+,AA+,无担保,,,,szcy,2021年8月6日公告：本次（自2021年7月19日至2021年8月6日）不行使提前赎回的权利，至2022年2月6日均不提前赎回,,123035,123035,0.3174,380296,370296,,N,N,53.270,buy,R,,3.41,N,2542901478.0,1988702066.0,Y,10.31,71085.41,-2.92%,00,buy,buy,buy,15:14:03,148.13,14.76%,3.841,-9.97%,-10.54%,170.000,170.000,-2.16%,7875.86,Y,0,0,G,-,,N,-,buy,-,25-11-13,184.76,9.05,4.87,3.9%,3.0%,"转债占流动市值比：3.9%
转债占总市值比：3.0%",0.00,300296,sz123035,有效期：-；质押代码：123035,123035；2020-05-20 开始转股,全价：170.000 最后更新：15:14:03
123045,雷迪转债,sz300652,雷迪克,C,19.63,2021-07-01,2020-09-18,2026-03-11,2024-03-11,,,100.000,y,58.72,30,30,0,0.00,,,28.49,113.000,n,130.000,15,30,0,,X,2.880,1.660,A+,A+,无担保,,,,szcy,,,123045,123045,3.2784,380652,370652,,N,N,44.120,buy,,,2.26,N,94082005.0,83507961.0,Y,23.40,6069.49,1.96%,00,buy,buy,buy,15:14:03,119.21,14.93%,4.164,-3.42%,-4.17%,137.000,137.000,0.56%,6472.69,Y,0,0,,-,,N,-,buy,-,26-03-11,151.93,25.52,13.74,8.5%,7.5%,"转债占流动市值比：8.5%
转债占总市值比：7.5%",0.00,300652,sz123045,有效期：-；质押代码：123045,123045；2020-09-18 开始转股,全价：137.000 最后更新：15:14:03
123070,鹏辉转债,sz300438,鹏辉能源,C,20.08,2021-08-17,2021-04-26,2026-10-19,2024-10-21,,,100.000,y,35.99,30,30,0,0.00,,,23.42,110.000,n,130.000,20,30,6,,X,8.900,5.988,AA,AA,无担保,,,,szcy,,,123070,123070,2.1380,380438,370438,,N,N,72.570,buy,,,6.38,N,433497356.0,329639518.0,Y,39.05,39942.39,-2.93%,00,buy,buy,buy,15:14:03,194.47,14.98%,4.773,-13.22%,-13.67%,223.610,223.610,-4.26%,31867.99,Y,0,0,,-,,N,-,buy,-,26-10-19,238.59,26.10,14.06,4.7%,3.5%,"转债占流动市值比：4.7%
转债占总市值比：3.5%",0.00,300438,sz123070,有效期：-；质押代码：123070,123070；2021-04-26 开始转股,全价：223.610 最后更新：15:14:03
110071,湖盐转债,sh600929,雪天盐业,C,6.52,2021-05-31,2021-01-18,2026-07-09,2024-07-09,,,100.000,y,62.44,30,30,0,0.00,,,2.67,110.000,n,130.000,15,30,0,,X,7.200,7.198,AA,AA,无担保,,,,shmb,,,110071,110071,0.7840,704929,733929,,N,N,78.196,buy,R,,2.50,N,931898142.0,917778142.0,Y,7.31,5046.40,-0.14%,00,buy,buy,buy,14:59:36,112.12,15.08%,4.493,-2.60%,-3.16%,129.020,129.020,-1.51%,2503.34,Y,0,0,,-,,N,-,buy,-,26-07-09,144.10,8.48,4.56,10.7%,10.6%,"转债占流动市值比：10.7%
转债占总市值比：10.6%",0.00,600929,sh110071,有效期：-；质押代码：110071,110071；2021-01-18 开始转股,全价：129.020 最后更新：14:59:36
113601,塞力转债,sh603716,塞力医疗,C,16.98,,2021-03-01,2026-08-20,2024-08-20,,,100.000,y,63.56,30,30,0,0.00,,,133.32,115.000,n,130.000,15,30,0,,X,5.430,5.429,AA-,AA-,无担保,,,,shmb,,,113601,113601,2.7390,753716,754716,,N,N,67.160,buy,,,2.37,N,205018993.0,201323345.0,Y,18.70,88680.79,5.89%,00,buy,buy,buy,14:59:59,110.13,15.20%,4.608,-1.08%,-1.84%,126.870,126.870,0.32%,91956.26,Y,0,0,,-,,N,-,buy,-,26-08-20,142.07,22.07,11.89,14.4%,14.2%,"转债占流动市值比：14.4%
转债占总市值比：14.2%",0.00,603716,sh113601,有效期：-；质押代码：113601,113601；2021-03-01 开始转股,全价：126.870 最后更新：14:59:59
113615,金诚转债,sh603979,金诚信,C,12.65,2021-06-09,2021-06-29,2026-12-22,2024-12-23,,,100.000,y,43.97,30,30,0,0.00,,,2.60,112.000,n,130.000,15,30,0,,N,10.000,8.664,AA,AA,无担保,,,,shmb,2021年11月24日公告：本次（2021年11月4日至2021年11月24日）不行使提前赎回权利，至2022年5月24日均不提前赎回,,113615,113615,1.7320,753979,754979,,N,N,71.880,buy,,,2.32,N,593966469.0,593966469.0,Y,20.14,4414.30,-0.30%,00,buy,buy,buy,14:59:59,159.21,15.32%,4.948,-8.85%,-9.38%,183.600,183.600,1.29%,4139.83,Y,0,0,G,-,,N,-,buy,-,26-12-22,198.92,16.45,8.86,7.2%,7.2%,"转债占流动市值比：7.2%
转债占总市值比：7.2%",0.00,603979,sh113615,有效期：-；质押代码：113615,113615；2021-06-29 开始转股,全价：183.600 最后更新：14:59:59
128087,孚日转债,sz002083,孚日股份,C,4.50,2021-04-28,2020-06-23,2025-12-17,2023-12-18,,,100.000,y,63.25,30,30,0,0.00,,,6.99,108.000,n,130.000,15,30,0,,X,6.500,6.497,AA-,AA-,无担保,,,,szmb,,,128087,128087,0.7403,082083,072083,,N,N,47.200,buy,,,1.20,N,908045977.0,905433276.0,Y,4.98,13890.19,-1.58%,00,buy,buy,buy,15:14:03,110.67,15.35%,3.934,-3.26%,-3.80%,127.656,127.656,-0.30%,5753.30,Y,1,1,,-,,N,-,buy,-,25-12-17,143.01,5.85,3.15,14.4%,14.4%,"转债占流动市值比：14.4%
转债占总市值比：14.4%",0.00,002083,sz128087,有效期：-；质押代码：128087,128087；2020-06-23 开始转股,全价：127.656 最后更新：15:14:03
128095,恩捷转债,sz002812,恩捷股份,C,64.92,2021-04-30,2020-08-17,2026-02-11,2024-02-12,,,100.000,y,19.10,30,30,0,0.00,,,20.52,110.000,n,130.000,15,30,30,,X,16.000,4.541,AA,AA,无担保,,,,szmb,,,128095,128095,1.9866,082812,072812,,N,N,77.840,buy,R,,16.51,N,892406822.0,742019714.0,Y,237.96,298730.70,3.01%,00,buy,buy,buy,15:14:03,366.54,15.54%,4.088,-27.67%,-28.08%,423.488,423.488,1.41%,40401.21,Y,0,0,B,-,,N,-,buy,-,26-02-11,439.03,84.40,45.44,0.3%,0.2%,"转债占流动市值比：0.3%
转债占总市值比：0.2%",0.00,002812,sz128095,有效期：-；质押代码：128095,128095；2020-08-17 开始转股,全价：423.488 最后更新：15:14:03
113570,百达转债,sh603331,百达精工,C,11.34,2021-06-30,2020-09-17,2026-03-10,2024-03-11,,,100.000,y,62.65,30,30,0,0.00,,,8.70,110.000,n,130.000,15,30,3,,X,2.800,2.799,A+,A+,股份质押的担保,,,,shmb,,,113570,113570,2.1800,753331,754331,,N,N,46.370,buy,,,2.58,N,178159917.0,175419917.0,Y,12.67,1392.67,-0.31%,00,buy,buy,buy,14:59:53,111.73,15.55%,4.162,-2.82%,-3.43%,129.100,129.100,-0.44%,3168.41,Y,0,0,,-,,N,-,buy,-,26-03-10,144.65,14.74,7.94,12.6%,12.4%,"转债占流动市值比：12.6%
转债占总市值比：12.4%",0.00,603331,sh113570,有效期：-；质押代码：113570,113570；2020-09-17 开始转股,全价：129.100 最后更新：14:59:53
113030,东风转债,sh601515,东风股份,C,6.40,2021-11-12,2020-06-30,2025-12-23,2023-12-25,,,100.000,y,53.33,30,30,0,0.00,,,21.94,112.000,n,130.000,15,30,7,,X,2.950,2.949,AA,AA,无担保,,,,shmb,,,113030,113030,0.2210,764515,783515,,N,N,13.210,buy,R,,2.82,N,1535743492.0,1334423360.0,Y,8.40,24246.45,-1.29%,00,buy,buy,buy,14:59:58,131.25,15.58%,3.951,-6.61%,-7.26%,151.700,151.700,-1.99%,9943.10,Y,0,0,,-,,N,-,buy,-,25-12-23,167.28,8.32,4.48,2.6%,2.3%,"转债占流动市值比：2.6%
转债占总市值比：2.3%",0.00,601515,sh113030,有效期：-；质押代码：113030,113030；2020-06-30 开始转股,全价：151.700 最后更新：14:59:58
110038,济川转债,sh600566,济川药业,C,23.40,2021-05-26,2018-05-17,2022-11-12,2020-11-13,,,100.000,y,40.70,30,30,0,0.00,,,23.43,100.000,y,125.000,15,30,2,,X,8.430,6.302,AA,AA,无担保,,,,shmb,,,110038,110038,1.0410,704566,733566,,N,N,15.921,buy,R,,2.95,N,888273021.0,888273021.0,Y,28.75,58660.95,0.14%,00,buy,buy,buy,14:59:59,122.86,15.83%,0.836,-30.52%,-31.53%,142.310,142.310,0.08%,21130.04,Y,1,1,,-,,N,-,buy,-,22-11-12,158.14,29.25,11.70,2.5%,2.5%,"转债占流动市值比：2.5%
转债占总市值比：2.5%",0.00,600566,sh110038,有效期：-；质押代码：110038,110038；2018-05-17 开始转股,全价：142.310 最后更新：14:59:59
123100,朗科转债,sz300543,朗科智能,C,11.61,2021-05-26,2021-08-23,2027-02-08,2025-02-10,,,100.000,y,59.19,30,30,0,0.00,,,2.71,112.000,n,130.000,15,30,8,,X,3.800,3.799,AA-,AA-,无,,,,szcy,,,123100,123100,1.8421,380543,380543,,N,N,12.940,buy,,,3.52,N,268174890.0,199696919.0,Y,13.73,2924.55,-0.58%,00,buy,buy,buy,15:14:03,118.26,15.85%,5.079,-3.04%,-3.61%,137.000,137.000,-0.36%,1415.63,Y,0,0,,-,,N,-,buy,-,27-02-08,152.85,15.09,8.13,13.9%,10.3%,"转债占流动市值比：13.9%
转债占总市值比：10.3%",0.00,300543,sz123100,有效期：-；质押代码：123100,123100；2021-08-23 开始转股,全价：137.000 最后更新：15:14:03
128096,奥瑞转债,sz002701,奥瑞金,C,4.50,2021-06-09,2020-08-17,2026-02-11,2024-02-12,,,100.000,y,47.80,30,30,0,0.00,,,4.45,110.000,n,130.000,15,30,6,,X,10.870,5.665,AA+,AA+,无担保,,,,szmb,,,128096,128096,0.4614,082701,072701,,N,N,58.210,buy,R,,2.19,N,2447652008.0,2445438132.0,Y,6.59,11614.59,-0.90%,00,buy,buy,buy,15:14:03,146.44,15.86%,4.088,-9.17%,-9.75%,169.669,169.669,0.47%,4281.42,Y,0,0,,-,,N,-,buy,-,26-02-11,185.53,5.85,3.15,3.5%,3.5%,"转债占流动市值比：3.5%
转债占总市值比：3.5%",0.00,002701,sz128096,有效期：-；质押代码：128096,128096；2020-08-17 开始转股,全价：169.669 最后更新：15:14:03
110057,现代转债,sh600420,国药现代,C,9.79,2021-06-25,2019-10-08,2025-03-31,2023-04-01,,,100.000,y,65.58,30,30,0,0.80,2022-01-12,2022-01-12,3.48,106.000,n,130.000,15,30,0,,X,16.160,16.157,AAA,AAA,无担保,,,,shmb,,,110057,110057,1.5290,704420,733420,,N,N,32.790,buy,,,1.24,N,1026964555.0,1026964555.0,Y,10.45,13003.06,1.26%,00,buy,buy,buy,14:59:54,106.74,15.92%,3.219,-3.58%,-4.14%,123.740,123.740,0.37%,7014.70,Y,0,0,,-,,N,-,buy,-,25-03-31,139.66,12.73,6.85,15.1%,15.1%,"转债占流动市值比：15.1%
转债占总市值比：15.1%",0.00,600420,sh110057,有效期：2022-01-12 到 2022-01-12；质押代码：110057,110057；2019-10-08 开始转股,全价：123.740 最后更新：14:59:54
128048,张行转债,sz002839,张家港行,C,5.60,2021-07-08,2019-05-16,2024-11-12,,,,,y,,15,30,0,0.00,,,2.50,109.000,n,130.000,15,30,0,,X,25.000,24.975,AA+,AA+,无担保,,,,szmb,,,128048,128048,1.3831,082839,072839,,N,N,28.880,buy,R,,0.80,N,1807959258.0,1521751142.0,Y,6.17,25484.60,1.15%,00,buy,buy,buy,15:14:03,110.18,16.17%,2.838,-4.57%,-5.31%,127.990,127.990,0.15%,8048.40,Y,0,0,,-,,N,-,buy,-,24-11-12,144.16,7.28,-,26.6%,22.4%,"转债占流动市值比：26.6%
转债占总市值比：22.4%",0.00,002839,sz128048,有效期：-；质押代码：128048,128048；2019-05-16 开始转股,全价：127.990 最后更新：15:14:03
123075,贝斯转债,sz300580,贝斯特,C,23.74,2021-05-24,2021-05-06,2026-11-01,2024-11-01,,,100.000,y,55.86,30,30,0,0.00,,,18.40,110.000,n,130.000,15,30,3,,X,6.000,5.997,AA-,AA-,无担保,,,,szcy,,,123075,123075,3.0000,380580,370580,,N,N,84.750,buy,,,3.08,N,200010790.0,186527665.0,Y,29.75,11867.83,-3.97%,00,buy,buy,buy,15:14:03,125.32,16.29%,4.808,-4.87%,-5.39%,145.726,145.726,-3.18%,16481.42,Y,0,0,,-,,N,-,buy,-,26-11-01,162.02,30.86,16.62,10.8%,10.1%,"转债占流动市值比：10.8%
转债占总市值比：10.1%",0.00,300580,sz123075,有效期：-；质押代码：123075,123075；2021-05-06 开始转股,全价：145.726 最后更新：15:14:03
123042,银河转债,sz300619,金银河,C,23.59,2021-12-10,2020-07-20,2026-01-13,2024-01-15,,,100.000,y,22.19,30,30,0,0.00,,,194.60,110.000,n,130.000,15,30,6,,X,1.670,0.975,A+,A+,无担保,,,,szcy,,,123042,123042,2.2316,380619,370619,,N,N,49.650,buy,,,11.24,N,84664538.0,59449716.0,Y,74.40,22930.49,-3.39%,00,buy,buy,buy,15:14:03,315.39,16.63%,4.008,-25.50%,-25.94%,367.830,367.830,-1.46%,71036.37,Y,0,0,,-,,N,-,buy,-,26-01-13,384.46,30.67,16.51,2.2%,1.5%,"转债占流动市值比：2.2%
转债占总市值比：1.5%",0.00,300619,sz123042,有效期：-；质押代码：123042,123042；2020-07-20 开始转股,全价：367.830 最后更新：15:14:03
123098,一品转债,sz300723,一品红,C,25.48,2021-08-25,2021-08-03,2027-01-27,2025-01-27,,,100.000,y,52.26,30,30,0,0.00,,,6.05,118.000,n,130.000,15,30,0,,N,4.800,4.236,AA-,AA-,无担保,,,,szcy,2022年1月5日公告：本次（2021年11月24日至2021年1月5日）不提前赎回，至2022年7月5日均不提前赎回,,123098,123098,3.0423,380723,370723,,N,N,85.150,buy,,,5.63,N,288034274.0,124345043.0,Y,34.13,14958.87,-2.98%,00,buy,buy,buy,15:14:03,133.95,16.90%,5.047,-4.60%,-5.34%,156.581,156.581,-4.32%,4119.09,Y,0,0,G,-,,N,-,buy,-,27-01-27,173.48,33.12,17.84,10.0%,4.3%,"转债占流动市值比：10.0%
转债占总市值比：4.3%",0.00,300723,sz123098,有效期：-；质押代码：123098,123098；2021-08-03 开始转股,全价：156.581 最后更新：15:14:03
123107,温氏转债,sz300498,温氏股份,C,17.62,2021-07-08,2021-10-08,2027-03-28,2025-03-28,,,100.000,y,59.84,30,30,0,0.91,2022-01-12,2022-01-12,1.11,108.000,n,130.000,15,30,0,,X,92.970,92.966,AAA,AAA,无,,,,szcy,,,123107,123107,1.4587,380498,370498,,N,N,73.790,buy,R,,3.63,N,6351814344.0,4728906382.0,Y,20.61,96175.25,-4.01%,00,buy,buy,buy,15:14:03,116.97,16.95%,5.211,-3.66%,-4.09%,136.800,136.800,-2.29%,14214.58,Y,0,0,,-,,N,-,buy,-,27-03-28,153.75,22.91,12.33,9.5%,7.1%,"转债占流动市值比：9.5%
转债占总市值比：7.1%",0.00,300498,sz123107,有效期：2022-01-12 到 2022-01-12；质押代码：123107,123107；2021-10-08 开始转股,全价：136.800 最后更新：15:14:03
113602,景20转债,sh603228,景旺电子,C,27.40,2021-05-12,2021-03-01,2026-08-23,2024-08-23,,,100.000,y,59.02,30,30,0,0.00,,,1.75,108.000,n,130.000,15,30,0,,X,17.800,17.798,AA,AA,无担保,,,,shmb,,,113602,113602,2.0900,753228,754228,,N,N,85.940,buy,R,,3.92,N,851672591.0,841872019.0,Y,32.50,12593.07,-1.07%,00,buy,buy,buy,14:59:59,118.61,17.19%,4.616,-4.49%,-4.96%,139.000,139.000,-0.52%,4342.50,Y,1,1,,-,,N,-,buy,-,26-08-23,156.19,35.62,19.18,6.5%,6.4%,"转债占流动市值比：6.5%
转债占总市值比：6.4%",0.00,603228,sh113602,有效期：-；质押代码：113602,113602；2021-03-01 开始转股,全价：139.000 最后更新：14:59:59
127020,中金转债,sz000060,中金岭南,C,4.63,2021-06-18,2021-01-25,2026-07-19,2024-07-22,,,100.000,y,64.82,30,30,0,0.00,,,1.08,110.000,n,130.000,15,30,0,,X,38.000,34.279,AA+,AA+,无担保,,,,szmb,,,127020,127020,1.0645,080060,070060,,N,N,55.990,buy,R,,1.39,N,3650034613.0,3648835938.0,Y,5.00,24875.85,1.01%,00,buy,buy,buy,15:14:03,107.99,17.24%,4.521,-2.42%,-2.94%,126.606,126.606,0.58%,4687.94,Y,0,0,,-,,N,-,buy,-,26-07-19,143.85,6.02,3.24,18.8%,18.8%,"转债占流动市值比：18.8%
转债占总市值比：18.8%",0.00,000060,sz127020,有效期：-；质押代码：127020,127020；2021-01-25 开始转股,全价：126.606 最后更新：15:14:03
123022,长信转债,sz300088,长信科技,C,6.05,2021-06-17,2019-09-23,2025-03-18,2023-03-18,,,100.000,y,38.29,30,30,0,0.00,,,53.03,110.000,n,130.000,15,30,13,,X,12.300,2.564,AA,AA,无担保,,,,szcy,,,123022,123022,0.5350,380088,370088,,N,N,42.700,buy,R,,3.58,N,2454887088.0,2442659856.0,Y,11.06,196097.22,-7.45%,00,buy,buy,buy,15:14:03,182.81,17.42%,3.184,-18.25%,-18.85%,214.650,214.650,-9.12%,30958.35,Y,0,0,,-,,N,-,buy,-,25-03-18,232.07,7.87,4.24,0.9%,0.9%,"转债占流动市值比：0.9%
转债占总市值比：0.9%",0.00,300088,sz123022,有效期：-；质押代码：123022,123022；2019-09-23 开始转股,全价：214.650 最后更新：15:14:03
113577,春秋转债,sh603890,春秋电子,C,10.85,2021-09-03,2020-10-20,2026-04-13,2024-04-15,,,100.000,y,58.02,30,30,0,0.00,,,10.87,112.000,n,130.000,15,30,0,,X,2.400,1.778,AA-,AA-,股份质押担保和保证,,,,shmb,,,113577,113577,0.8750,753890,754890,,N,N,71.240,buy,R,,2.29,N,439175264.0,387107945.0,Y,13.09,7229.78,-1.80%,00,buy,buy,buy,14:59:51,120.65,17.62%,4.255,-4.39%,-5.07%,141.900,141.900,-1.96%,2771.96,Y,0,0,,-,,N,-,buy,-,26-04-13,159.52,14.11,7.59,3.5%,3.1%,"转债占流动市值比：3.5%
转债占总市值比：3.1%",0.00,603890,sh113577,有效期：-；质押代码：113577,113577；2020-10-20 开始转股,全价：141.900 最后更新：14:59:51
110061,川投转债,sh600674,川投能源,C,9.20,2021-07-15,2020-05-15,2025-11-10,2023-11-10,,,100.000,y,54.30,30,30,0,1.01,2022-01-12,2022-01-12,0.84,106.000,n,130.000,15,30,0,,N,40.000,39.616,AAA,AAA,无担保,,,,shmb,2021年9月28日公告：本次（2021年9月6日至2021年9月28日）期间不行使提前赎回权利，至2022年9月28日均不提前赎回,,110061,110061,0.9080,704674,733674,,N,N,81.590,buy,R,,1.67,N,4406155440.0,4406155440.0,Y,11.86,8051.74,0.51%,00,buy,buy,buy,14:59:42,128.91,17.91%,3.833,-8.16%,-8.59%,152.000,152.000,-0.58%,5044.11,Y,0,0,G,-,,N,-,buy,-,25-11-10,169.91,11.96,6.44,7.6%,7.6%,"转债占流动市值比：7.6%
转债占总市值比：7.6%",0.00,600674,sh110061,有效期：2022-01-12 到 2022-01-12；质押代码：110061,110061；2020-05-15 开始转股,全价：152.000 最后更新：14:59:42
128044,岭南转债,sz002717,岭南股份,C,3.43,2021-12-01,2019-02-20,2024-08-14,2022-08-14,,,100.000,y,66.14,30,30,0,0.00,,,5.90,107.000,n,130.000,15,30,0,,X,6.600,6.589,AA-,AA-,无担保,,,,szmb,,,128044,128044,0.6542,082717,072717,,N,N,40.500,buy,,,1.26,N,1684418292.0,1125742527.0,Y,3.63,28522.45,-3.20%,00,buy,buy,buy,15:14:03,105.83,18.13%,2.592,-4.79%,-5.48%,125.019,125.019,-1.14%,4884.11,Y,2,2,,-,,N,-,buy,-,24-08-14,143.15,4.46,2.40,16.1%,10.8%,"转债占流动市值比：16.1%
转债占总市值比：10.8%",0.00,002717,sz128044,有效期：-；质押代码：128044,128044；2019-02-20 开始转股,全价：125.019 最后更新：15:14:03
113565,宏辉转债,sh603336,宏辉果蔬,C,7.64,2021-05-17,2020-09-03,2026-02-25,2024-02-26,,,100.000,y,64.20,30,30,0,0.00,,,20.06,112.000,n,130.000,15,30,0,,X,3.320,2.253,AA-,AA-,公司实际控制人担保,,,,shmb,,,113565,113565,1.4730,753336,754336,,N,N,80.610,buy,,,3.38,N,438679917.0,438679917.0,Y,8.33,10238.34,-0.72%,00,buy,buy,buy,14:59:51,109.03,18.16%,4.126,-2.20%,-2.93%,128.830,128.830,-0.10%,5836.62,Y,0,0,,-,,N,-,buy,-,26-02-25,146.99,9.93,5.35,6.2%,6.2%,"转债占流动市值比：6.2%
转债占总市值比：6.2%",0.00,603336,sh113565,有效期：-；质押代码：113565,113565；2020-09-03 开始转股,全价：128.830 最后更新：14:59:51
123050,聚飞转债,sz300303,聚飞光电,C,5.08,2021-06-30,2020-10-20,2026-04-13,2024-04-15,,,100.000,y,56.09,30,30,0,0.00,,,3.69,118.000,n,130.000,15,30,0,,X,7.050,3.746,AA-,AA-,无担保,,,,szcy,,,123050,123050,0.5513,380303,370303,,N,N,43.220,buy,,,3.01,N,1342588701.0,1223105685.0,Y,6.34,18404.81,-1.25%,00,buy,buy,buy,15:14:03,124.80,18.17%,4.255,-4.12%,-4.99%,147.478,147.478,-2.08%,2060.94,Y,0,0,,-,,N,-,buy,-,26-04-13,165.65,6.60,3.56,4.8%,4.4%,"转债占流动市值比：4.8%
转债占总市值比：4.4%",0.00,300303,sz123050,有效期：-；质押代码：123050,123050；2020-10-20 开始转股,全价：147.478 最后更新：15:14:03
123057,美联转债,sz300586,美联新材,C,9.50,2021-07-12,2021-01-07,2026-06-30,2024-07-01,,,100.000,y,56.89,30,30,0,0.00,,,12.94,112.000,n,130.000,15,30,0,,N,2.070,2.066,AA-,AA-,无担保,,,,szcy,2021年12月13日公告：本次（2021年11月19日至2021年12月13日）不提前赎回，至2022年6月13日均提前赎回,,123057,123057,0.4533,380586,370586,,N,N,82.410,buy,,,4.99,N,524473683.0,278488891.0,Y,11.69,8518.70,-2.50%,00,buy,buy,buy,15:14:03,123.05,18.42%,4.468,-4.75%,-5.39%,145.724,145.724,-1.20%,3910.11,Y,0,0,G,-,,N,-,buy,-,26-06-30,164.14,12.35,6.65,6.3%,3.4%,"转债占流动市值比：6.3%
转债占总市值比：3.4%",0.00,300586,sz123057,有效期：-；质押代码：123057,123057；2021-01-07 开始转股,全价：145.724 最后更新：15:14:03
128017,金禾转债,sz002597,金禾实业,C,21.97,2021-05-21,2018-08-07,2023-11-01,2021-11-01,,,100.000,y,36.88,30,30,0,0.00,,,4.84,106.000,n,130.000,15,30,30,,X,6.000,5.519,AA,AA,无担保,,,,szmb,,,128017,128017,1.0633,082597,072597,,N,N,89.139,buy,R,,4.38,N,560913735.0,559486768.0,Y,41.70,42052.15,-4.25%,00,buy,buy,buy,15:14:03,189.80,18.42%,1.805,-33.72%,-34.20%,224.770,224.770,-7.12%,6161.05,Y,0,0,B,-,,N,-,buy,-,23-11-01,243.19,28.56,15.38,2.4%,2.4%,"转债占流动市值比：2.4%
转债占总市值比：2.4%",0.00,002597,sz128017,有效期：-；质押代码：128017,128017；2018-08-07 开始转股,全价：224.770 最后更新：15:14:03
128143,锋龙转债,sz002931,锋龙股份,C,12.73,2021-06-08,2021-07-14,2027-01-07,2025-01-07,,,100.000,y,63.33,30,30,0,0.00,,,3.15,115.000,n,130.000,15,30,0,,X,2.450,2.444,A+,A+,股票质押担保,,,,szmb,,,128143,128143,1.7228,082931,072931,,N,N,80.170,buy,,,4.02,N,199140144.0,178663130.0,Y,14.07,2439.87,1.59%,00,buy,buy,buy,15:14:03,110.53,18.43%,4.992,-1.56%,-2.27%,130.900,130.900,0.50%,1003.31,Y,0,0,,-,,N,-,buy,-,27-01-07,149.33,16.55,8.91,9.7%,8.7%,"转债占流动市值比：9.7%
转债占总市值比：8.7%",0.00,002931,sz128143,有效期：-；质押代码：128143,128143；2021-07-14 开始转股,全价：130.900 最后更新：15:14:03
111000,起帆转债,sh605222,起帆电缆,C,20.10,2021-10-29,2021-11-29,2027-05-24,2025-05-23,,,100.000,y,57.71,30,30,0,0.00,,,1.33,115.000,n,130.000,15,30,3,,X,10.000,9.997,AA-,AA-,无,,,,shmb,,,111000,111000,,715222,713222,,N,N,35.980,buy,,,2.83,N,418213213.0,100016213.0,Y,24.38,5391.85,-1.85%,00,buy,buy,buy,14:59:51,121.29,18.45%,5.367,-3.28%,-3.90%,143.670,143.670,-0.33%,1910.96,Y,0,0,,-,,N,-,buy,-,27-05-24,162.12,26.13,14.07,41.0%,9.8%,"转债占流动市值比：41.0%
转债占总市值比：9.8%",0.00,605222,sh111000,有效期：-；质押代码：111000,111000；2021-11-29 开始转股,全价：143.670 最后更新：14:59:51
127049,希望转2,sz000876,新希望,C,14.45,,2022-05-09,2027-11-01,2025-11-03,,,100.000,y,56.19,30,30,0,0.89,2022-01-12,2022-01-12,1.07,107.000,n,130.000,15,30,0,,X,81.500,81.500,AAA,AAA,无,,,,szmb,,,未到转股期,127049,1.8400,080876,070876,,N,N,72.271,-,R,,2.35,N,4505211342.0,4325422589.0,Y,18.00,180372.61,-2.23%,00,buy,buy,buy,15:14:03,124.57,18.51%,5.808,-4.82%,-5.15%,147.620,147.620,-2.43%,12945.67,Y,0,0,,-,,N,-,buy,-,27-11-01,166.13,18.79,10.12,10.5%,10.1%,"转债占流动市值比：10.5%
转债占总市值比：10.1%",0.00,000876,sz127049,有效期：2022-01-12 到 2022-01-12；质押代码：127049,未到转股期；2022-05-09 开始转股,全价：147.620 最后更新：15:14:03
123048,应急转债,sz300527,中船应急,C,8.88,2021-07-21,2020-10-16,2026-04-09,2024-04-09,,,100.000,y,57.34,30,30,0,0.00,,,29.42,108.000,n,130.000,15,30,0,,X,8.190,3.792,AA+,AA+,无担保,,,,szcy,,,123048,123048,0.8961,380527,370527,,N,N,13.090,buy,R,,3.82,N,963211158.0,963205358.0,Y,10.84,49463.84,1.88%,00,buy,buy,buy,15:14:03,122.07,18.73%,4.244,-5.84%,-6.34%,144.940,144.940,1.22%,16013.73,Y,0,0,,-,,N,-,buy,-,26-04-09,163.67,11.54,6.22,3.6%,3.6%,"转债占流动市值比：3.6%
转债占总市值比：3.6%",0.00,300527,sz123048,有效期：-；质押代码：123048,123048；2020-10-16 开始转股,全价：144.940 最后更新：15:14:03
128030,天康转债,sz002100,天康生物,C,7.40,2021-12-24,2018-06-28,2023-12-22,2021-12-22,,,100.000,y,43.94,30,30,0,0.00,,,58.85,108.000,n,130.000,15,30,14,,X,10.000,0.876,AA,AA,无担保,,,,szmb,,,128030,128030,1.0380,082100,072100,,N,N,57.690,-,R,,2.83,N,1353856588.0,1076406924.0,Y,11.79,44350.33,-4.22%,00,buy,buy,buy,15:14:03,159.32,18.75%,1.945,-24.56%,-25.23%,189.192,189.192,-7.17%,9909.69,Y,0,0,,-,,N,-,buy,-,23-12-22,207.94,9.62,5.18,0.7%,0.5%,"转债占流动市值比：0.7%
转债占总市值比：0.5%",0.00,002100,sz128030,有效期：-；质押代码：128030,128030；2018-06-28 开始转股,全价：189.192 最后更新：15:14:03
123082,北陆转债,sz300016,北陆药业,C,8.81,2021-06-29,2021-06-11,2026-12-06,2024-12-06,,,100.000,y,64.58,30,30,0,0.00,,,23.35,115.000,n,130.000,15,30,0,,X,5.000,4.993,A+,A+,无担保,,,,szcy,,,123082,123082,1.0111,380016,370016,,N,N,71.430,buy,,,2.55,N,492717587.0,406759212.0,Y,9.55,30947.74,5.76%,00,buy,buy,buy,15:14:03,108.40,18.82%,4.904,-1.26%,-1.98%,128.800,128.800,3.12%,14927.13,Y,1,1,,-,,N,-,buy,-,26-12-06,147.62,11.45,6.17,12.9%,10.6%,"转债占流动市值比：12.9%
转债占总市值比：10.6%",0.00,300016,sz123082,有效期：-；质押代码：123082,123082；2021-06-11 开始转股,全价：128.800 最后更新：15:14:03
113600,新星转债,sh603978,深圳新星,C,23.85,,2021-02-19,2026-08-12,2024-08-12,,,100.000,y,62.41,30,30,0,0.00,,,18.69,120.000,n,130.000,15,30,0,,N,5.950,4.533,AA-,AA-,股份质押担保,,,,shmb,2021年11月6日公告：本次（2021年10月8日至2021年11月5日）不行使提前赎回权利，至2022年2月6日均不提前赎回,,113600,113600,3.7180,753978,754978,,N,N,75.984,buy,,,2.66,N,165939476.0,165939476.0,Y,26.75,8380.05,2.65%,00,buy,buy,buy,14:59:55,112.16,18.84%,4.586,-1.31%,-2.21%,133.290,133.290,0.41%,11432.40,Y,0,0,G,-,,N,-,buy,-,26-08-12,152.13,31.00,16.70,10.2%,10.2%,"转债占流动市值比：10.2%
转债占总市值比：10.2%",0.00,603978,sh113600,有效期：-；质押代码：113600,113600；2021-02-19 开始转股,全价：133.290 最后更新：14:59:55
128076,金轮转债,sz002722,金轮股份,C,14.66,2021-05-31,2020-04-20,2025-10-14,2023-10-13,,,100.000,y,62.96,30,30,0,0.00,,,10.27,110.000,n,130.000,15,30,0,,X,2.140,2.138,AA-,AA-,无担保,,,,szmb,,,128076,128076,1.2196,082722,072722,,N,N,37.890,buy,,,1.43,N,175478558.0,175462283.0,Y,16.30,5318.69,-1.45%,00,buy,buy,buy,15:14:03,111.19,19.03%,3.759,-3.89%,-4.54%,132.350,132.350,-1.08%,2913.98,Y,0,0,,-,,N,-,buy,-,25-10-14,151.38,19.06,10.26,7.5%,7.5%,"转债占流动市值比：7.5%
转债占总市值比：7.5%",0.00,002722,sz128076,有效期：-；质押代码：128076,128076；2020-04-20 开始转股,全价：132.350 最后更新：15:14:03
110043,无锡转债,sh600908,无锡银行,C,5.61,2021-07-06,2018-08-05,2024-01-30,,,,,y,,15,30,0,0.00,,,2.75,106.000,n,130.000,15,30,0,,X,30.000,29.214,AA+,AA+,无担保,,,,shmb,,,110043,110043,1.6230,704908,733908,,N,N,37.110,buy,,,0.71,N,1861675522.0,1763699985.0,Y,5.92,21732.50,1.20%,00,buy,buy,buy,14:59:58,105.53,19.08%,2.052,-7.08%,-7.77%,125.660,125.660,0.06%,10183.45,Y,2,2,,-,,N,-,buy,-,24-01-30,144.74,7.29,-,28.0%,26.5%,"转债占流动市值比：28.0%
转债占总市值比：26.5%",0.00,600908,sh110043,有效期：-；质押代码：110043,110043；2018-08-05 开始转股,全价：125.660 最后更新：14:59:58
127045,牧原转债,sz002714,牧原股份,C,47.91,,2022-02-21,2027-08-16,2025-08-15,,,100.000,y,59.23,30,30,0,0.00,,,0.48,107.000,n,130.000,15,30,0,,X,95.500,95.500,AA+,AA+,无,,,,szmb,,,未到转股期,127045,1.8145,082714,072714,,N,N,84.360,buy,R,,5.30,Y,5262358594.0,3550079179.0,Y,56.62,247058.49,-4.49%,00,buy,buy,buy,15:14:03,118.18,19.19%,5.597,-4.21%,-4.55%,140.860,140.860,-3.26%,6493.59,Y,0,0,,-,,N,-,buy,-,27-08-16,160.05,62.28,33.54,4.8%,3.2%,"转债占流动市值比：4.8%
转债占总市值比：3.2%",0.00,002714,sz127045,有效期：-；质押代码：127045,未到转股期；2022-02-21 开始转股,全价：140.860 最后更新：15:14:03
113052,兴业转债,sh601166,兴业银行,C,25.51,,2022-06-30,2027-12-27,,,,,y,,0,0,0,0.00,,,,109.000,n,130.000,15,30,0,,X,500.000,500.000,AAA,AAA,无,,,,shmb,,,未到转股期,113052,0.2406,764166,783166,,N,N,45.430,-,R,,0.67,Y,20774190751.0,19615250551.0,Y,21.40,416162.57,3.73%,00,buy,buy,buy,,83.89,19.21%,5.962,2.32%,1.87%,100.000,100.000,0.00%,0.00,Y,0,0,,-,,N,-,buy,-,27-12-27,119.21,33.16,-,11.9%,11.2%,"转债占流动市值比：11.9%
转债占总市值比：11.2%",0.00,601166,sh113052,有效期：-；质押代码：113052,未到转股期；2022-06-30 开始转股,待上市
113579,健友转债,sh603707,健友股份,C,32.20,2021-07-15,2020-10-29,2026-04-22,2024-04-22,,,100.000,y,60.46,30,30,0,0.00,,,3.24,109.000,n,130.000,15,30,2,,X,5.030,5.023,AA,AA,无担保,,,,shmb,,,113579,113579,0.7000,753707,754707,,N,N,89.020,buy,R,,10.42,N,1243600220.0,1240854555.0,Y,37.28,17782.64,0.27%,00,buy,buy,buy,14:59:46,115.78,19.64%,4.279,-4.56%,-5.10%,138.510,138.510,0.33%,2241.30,Y,0,0,,-,,N,-,buy,-,26-04-22,158.15,41.86,22.54,1.1%,1.1%,"转债占流动市值比：1.1%
转债占总市值比：1.1%",0.00,603707,sh113579,有效期：-；质押代码：113579,113579；2020-10-29 开始转股,全价：138.510 最后更新：14:59:46
128090,汽模转2,sz002510,天汽模,C,4.23,2021-06-30,2020-07-03,2025-12-27,2023-12-27,,,100.000,y,64.65,30,30,0,0.00,,,25.25,110.000,n,130.000,15,30,0,,X,4.710,3.100,AA-,AA-,无担保,,,,szmb,,,128090,128090,0.5114,082510,072510,,N,N,41.350,buy,,,2.05,N,941616619.0,931317168.0,Y,4.58,18882.59,2.00%,00,buy,buy,buy,15:14:03,108.27,19.68%,3.962,-3.17%,-3.79%,129.580,129.580,0.61%,10225.43,Y,0,0,,-,,N,-,buy,-,25-12-27,149.26,5.50,2.96,7.3%,7.2%,"转债占流动市值比：7.3%
转债占总市值比：7.2%",0.00,002510,sz128090,有效期：-；质押代码：128090,128090；2020-07-03 开始转股,全价：129.580 最后更新：15:14:03
110063,鹰19转债,sh600567,山鹰国际,C,3.26,2021-07-05,2020-06-19,2025-12-12,2023-12-12,,,100.000,y,67.92,30,30,0,0.00,,,0.73,111.000,n,130.000,15,30,0,,X,18.600,18.092,AA+,AA+,无担保,,,,shmb,,,110063,110063,0.4120,704567,733567,,N,N,31.650,buy,R,,0.94,N,4616166707.0,4616166707.0,Y,3.36,15911.76,-0.59%,00,buy,buy,buy,14:56:55,103.07,19.85%,3.921,-1.75%,-2.43%,123.530,123.530,-0.28%,1631.19,Y,0,0,,-,,N,-,buy,-,25-12-12,143.38,4.24,2.28,11.7%,11.7%,"转债占流动市值比：11.7%
转债占总市值比：11.7%",0.00,600567,sh110063,有效期：-；质押代码：110063,110063；2020-06-19 开始转股,全价：123.530 最后更新：14:56:55
123129,锦鸡转债,sz300798,锦鸡股份,C,9.53,,2022-05-10,2027-11-03,2025-11-03,,,100.000,y,56.50,30,30,0,0.00,,,1.03,112.000,n,120.000,20,30,0,,X,6.000,6.000,AA-,AA-,无,,,,szcy,,,未到转股期,123129,1.4362,380798,370798,,N,N,32.210,-,,,3.38,N,417748945.0,210221808.0,Y,10.12,3807.23,1.10%,00,buy,buy,buy,15:14:03,106.19,19.87%,5.814,-1.35%,-1.87%,127.288,127.288,0.36%,788.87,Y,0,0,,-,,N,-,buy,-,27-11-03,147.16,11.44,5.72,28.2%,14.2%,"转债占流动市值比：28.2%
转债占总市值比：14.2%",0.00,300798,sz123129,有效期：-；质押代码：123129,未到转股期；2022-05-10 开始转股,全价：127.288 最后更新：15:14:03
128029,太阳转债,sz002078,太阳纸业,C,8.45,2021-07-08,2018-06-28,2022-12-22,2020-12-22,,,100.000,y,50.00,30,30,0,0.00,,,2.91,106.000,n,130.000,15,30,0,,N,12.000,9.086,AA+,AA+,无担保,,,,szmb,2022年1月1日公告：本次不提前赎回，至存续期结束前（即2022年12月22日前）均不行使提前赎回权利,,128029,128029,0.4628,082078,072078,,N,N,73.570,buy,R,,1.66,N,2687002843.0,2612712093.0,Y,11.83,30293.07,-1.66%,00,buy,buy,buy,15:14:03,140.00,20.00%,0.945,-39.05%,-39.81%,168.000,168.000,-2.32%,4501.75,Y,0,0,G,-,,N,-,buy,-,22-12-22,188.00,10.98,5.92,2.9%,2.9%,"转债占流动市值比：2.9%
转债占总市值比：2.9%",0.00,002078,sz128029,有效期：-；质押代码：128029,128029；2018-06-28 开始转股,全价：168.000 最后更新：15:14:03
128109,楚江转债,sz002171,楚江新材,C,8.63,2021-05-31,2020-12-10,2026-06-03,2024-06-03,,,100.000,y,52.53,30,30,0,0.00,,,1.65,110.000,n,130.000,15,30,0,,N,18.300,18.226,AA,AA,无担保,,,,szmb,2021年11月30日公告：本次不行使楚江转债的提前赎回权利，至2022年11月29日均不提前赎回,,128109,128109,1.4176,082171,072171,,N,N,78.850,buy,R,,2.53,N,1334530042.0,1244685323.0,Y,11.50,20141.51,-2.95%,00,buy,buy,buy,15:14:03,133.26,20.11%,4.395,-7.39%,-7.93%,160.051,160.051,-3.61%,4847.86,Y,0,0,G,-,,N,-,buy,-,26-06-03,180.16,11.22,6.04,12.7%,11.9%,"转债占流动市值比：12.7%
转债占总市值比：11.9%",0.00,002171,sz128109,有效期：-；质押代码：128109,128109；2020-12-10 开始转股,全价：160.051 最后更新：15:14:03
128140,润建转债,sz002929,润建股份,C,26.40,2021-06-07,2021-06-15,2026-12-04,2024-12-06,,,100.000,y,54.07,30,30,0,0.00,,,1.01,110.000,n,130.000,15,30,0,,N,10.900,10.897,AA,AA,无担保,,,,szmb,2021年11月25日公告：本次（2021年11月08日至2021年11月24日）不行使提前赎回权利，至2022年12月31日均不提前赎回,,128140,128140,4.9377,082929,072929,,N,N,83.270,buy,,,2.21,N,228728817.0,168506828.0,Y,34.18,5137.63,-0.18%,00,buy,buy,buy,15:14:03,129.47,20.11%,4.899,-6.09%,-6.58%,155.500,155.500,-2.13%,1755.83,Y,0,0,G,-,,N,-,buy,-,26-12-04,175.61,34.32,18.48,18.9%,13.9%,"转债占流动市值比：18.9%
转债占总市值比：13.9%",0.00,002929,sz128140,有效期：-；质押代码：128140,128140；2021-06-15 开始转股,全价：155.500 最后更新：15:14:03
110079,杭银转债,sh600926,杭州银行,C,12.99,2021-08-30,2021-10-08,2027-03-29,,,,,y,,0,0,0,0.83,2022-01-12,2022-01-12,1.89,108.000,n,130.000,15,30,0,,X,150.000,149.993,AAA,AAA,无,,,,shmb,,,110079,110079,2.5290,704926,733926,,N,N,42.340,buy,R,,0.93,Y,5930255051.0,5060452059.0,Y,13.83,66430.17,3.13%,00,buy,buy,buy,15:00:00,106.47,20.22%,5.214,-2.50%,-2.91%,127.990,127.990,0.81%,36284.30,Y,1,1,,-,,N,-,buy,-,27-03-29,148.21,16.89,-,21.4%,18.3%,"转债占流动市值比：21.4%
转债占总市值比：18.3%",0.00,600926,sh110079,有效期：2022-01-12 到 2022-01-12；质押代码：110079,110079；2021-10-08 开始转股,全价：127.990 最后更新：15:00:00
110081,闻泰转债,sh600745,闻泰科技,C,96.67,,2022-02-03,2027-07-27,2025-07-28,,,100.000,y,56.63,30,30,0,0.00,,,2.72,108.000,n,130.000,15,30,0,,X,86.000,86.000,AA+,AA+,无,,,,shmb,,,未到转股期,110081,6.9070,704745,733745,,N,N,55.670,buy,R,,4.52,N,1246210166.0,936607734.0,Y,119.50,98392.92,-3.07%,00,buy,buy,buy,15:00:00,123.62,20.23%,5.542,-5.04%,-5.41%,148.620,148.620,-3.10%,35173.93,Y,0,0,,-,,N,-,buy,-,27-07-27,168.85,125.67,67.67,7.7%,5.8%,"转债占流动市值比：7.7%
转债占总市值比：5.8%",0.00,600745,sh110081,有效期：-；质押代码：110081,未到转股期；2022-02-03 开始转股,全价：148.620 最后更新：15:00:00
128137,洁美转债,sz002859,洁美科技,C,27.63,2021-06-03,2021-05-10,2026-11-03,2024-11-04,,,100.000,y,57.39,30,30,0,0.00,,,1.63,112.000,n,130.000,15,30,0,,N,6.000,5.994,AA-,AA-,,,,,szmb,2021年12月28日公告：本次（2021年11月16日至2021年12月27日）不提前赎回，至2022年6月27日均不提前赎回,,128137,128137,1.4645,082859,072859,,N,N,81.230,buy,,,6.66,N,410020847.0,402836495.0,Y,33.70,12782.25,-2.03%,00,buy,buy,buy,15:14:03,121.97,20.31%,4.814,-4.69%,-5.26%,146.740,146.740,-2.24%,1444.85,Y,0,0,G,-,,N,-,buy,-,26-11-03,167.05,35.92,19.34,4.4%,4.3%,"转债占流动市值比：4.4%
转债占总市值比：4.3%",0.00,002859,sz128137,有效期：-；质押代码：128137,128137；2021-05-10 开始转股,全价：146.740 最后更新：15:14:03
113011,光大转债,sh601818,光大银行,C,3.55,2021-07-21,2017-09-18,2023-03-17,,,,,n,,0,0,0,0.75,2022-01-12,2022-01-12,0.89,105.000,n,130.000,15,30,0,,X,300.000,241.980,AAA,AAA,无担保,,,,shmb,,,113011,113011,0.7530,764818,783818,4,N,N,,buy,R,,0.39,Y,54031918195.0,41353182695.0,Y,3.42,54062.40,0.29%,00,buy,buy,buy,15:00:00,96.34,20.36%,1.178,-6.83%,-7.83%,115.950,115.950,0.79%,24838.00,Y,0,0,,-,,N,-,buy,-,23-03-17,136.31,4.62,-,17.1%,13.1%,"转债占流动市值比：17.1%
转债占总市值比：13.1%",0.00,601818,sh113011,有效期：2022-01-12 到 2022-01-12；质押代码：113011,113011；2017-09-18 开始转股,全价：115.950 最后更新：15:00:00
110047,山鹰转债,sh600567,山鹰国际,C,3.30,2021-07-05,2019-05-27,2024-11-21,2022-11-21,,,100.000,y,68.75,30,30,0,0.00,,,0.85,113.000,n,130.000,15,30,0,,X,23.000,22.455,AA+,AA+,无担保,,,,shmb,,,110047,110047,0.5030,704567,733567,,N,N,14.080,buy,R,,0.94,N,4616166707.0,4616166707.0,Y,3.36,15911.76,-0.59%,00,buy,buy,buy,14:59:40,101.82,20.47%,2.863,-1.81%,-2.80%,122.660,122.660,-0.98%,2343.83,Y,0,0,,-,,N,-,buy,-,24-11-21,143.13,4.29,2.31,14.5%,14.5%,"转债占流动市值比：14.5%
转债占总市值比：14.5%",0.00,600567,sh110047,有效期：-；质押代码：110047,110047；2019-05-27 开始转股,全价：122.660 最后更新：14:59:40
128097,奥佳转债,sz002614,奥佳华,C,10.39,2021-04-30,2020-09-02,2026-02-25,2024-02-26,,,100.000,y,56.29,30,30,0,0.00,,,2.59,110.000,n,130.000,15,30,1,,X,12.000,4.586,AA-,AA-,无担保,,,,szmb,,,128097,128097,2.1380,082614,072614,,N,N,75.270,buy,,,1.71,N,630693012.0,448080169.0,Y,12.92,15285.48,-4.01%,00,buy,buy,buy,15:14:03,124.35,20.53%,4.126,-6.36%,-6.94%,149.884,149.884,-3.16%,1815.92,Y,0,0,,-,,N,-,buy,-,26-02-25,170.41,13.51,7.27,7.9%,5.6%,"转债占流动市值比：7.9%
转债占总市值比：5.6%",0.00,002614,sz128097,有效期：-；质押代码：128097,128097；2020-09-02 开始转股,全价：149.884 最后更新：15:14:03
128119,龙大转债,sz002726,龙大美食,C,9.29,2021-08-12,2021-01-18,2026-07-12,2024-07-15,,,100.000,y,60.61,30,30,0,0.00,,,2.85,115.000,n,130.000,15,30,0,,X,9.500,9.461,AA,AA,无担保,,,,szmb,,,128119,128119,0.9516,082726,072726,,N,N,73.670,buy,R,,2.75,N,1078860185.0,991083080.0,Y,10.73,26215.27,-4.03%,00,buy,buy,buy,15:14:03,115.50,20.54%,4.501,-3.32%,-4.05%,139.221,139.221,-1.12%,3760.90,Y,0,0,,-,,N,-,buy,-,26-07-12,159.76,12.08,6.50,8.9%,8.2%,"转债占流动市值比：8.9%
转债占总市值比：8.2%",0.00,002726,sz128119,有效期：-；质押代码：128119,128119；2021-01-18 开始转股,全价：139.221 最后更新：15:14:03
110075,南航转债,sh600029,南方航空,C,6.24,,2021-04-21,2026-10-14,2024-10-14,,,100.000,y,61.43,30,30,0,0.92,2022-01-12,2022-01-12,1.15,106.500,n,130.000,15,30,0,,X,160.000,58.960,AAA,AAA,无担保,,,,shmb,,,110075,110075,1.4470,704029,733029,,N,N,76.060,buy,R,,1.64,N,16948438028.0,10219858722.0,Y,7.11,46694.13,-0.14%,00,buy,buy,buy,14:59:55,113.94,20.65%,4.759,-4.67%,-5.02%,137.470,137.470,-1.53%,9503.43,Y,0,0,,-,,N,-,buy,-,26-10-14,158.12,8.11,4.37,8.1%,4.9%,"转债占流动市值比：8.1%
转债占总市值比：4.9%",0.00,600029,sh110075,有效期：2022-01-12 到 2022-01-12；质押代码：110075,110075；2021-04-21 开始转股,全价：137.470 最后更新：14:59:55
118000,嘉元转债,sh688388,嘉元科技,C,78.74,2021-05-06,2021-09-01,2027-02-22,2025-02-24,,,100.000,y,47.19,30,30,0,0.00,,,5.08,115.000,n,130.000,15,30,11,,X,12.400,9.789,AA-,AA-,无,,,,shkc,,,118000,118000,5.3700,726388,718388,,N,N,70.922,buy,R,,8.59,N,234191983.0,170867583.0,Y,116.81,43493.29,0.03%,00,buy,buy,buy,14:59:59,148.35,20.67%,5.118,-7.50%,-8.12%,179.010,179.010,-0.13%,8942.71,Y,0,0,,-,,N,-,buy,-,27-02-22,199.68,102.36,55.12,4.9%,3.6%,"转债占流动市值比：4.9%
转债占总市值比：3.6%",0.00,688388,sh118000,有效期：-；质押代码：118000,118000；2021-09-01 开始转股,全价：179.010 最后更新：14:59:59
127005,长证转债,sz000783,长江证券,C,7.13,2021-07-20,2018-09-17,2024-03-12,,,,,y,,15,30,0,0.85,2022-01-12,2022-01-12,0.67,105.000,n,130.000,15,30,0,,X,50.000,49.965,AAA,AAA,无担保,,,,szmb,,,127005,127005,0.9042,080783,070783,,N,N,50.330,buy,R,,1.37,N,5529950496.0,5529950496.0,Y,7.57,20096.22,-0.13%,00,buy,buy,buy,15:14:03,106.17,20.84%,2.167,-7.66%,-8.30%,128.300,128.300,0.15%,4321.63,Y,0,0,,-,,N,-,buy,-,24-03-12,149.14,9.27,-,11.9%,11.9%,"转债占流动市值比：11.9%
转债占总市值比：11.9%",0.00,000783,sz127005,有效期：2022-01-12 到 2022-01-12；质押代码：127005,127005；2018-09-17 开始转股,全价：128.300 最后更新：15:14:03
128101,联创转债,sz002036,联创电子,C,13.72,2021-06-07,2020-09-21,2026-03-16,2024-03-18,,,100.000,y,47.22,30,30,0,0.00,,,14.16,110.000,n,130.000,15,30,6,,X,3.000,2.995,AA,AA,无担保,,,,szmb,,,128101,128101,0.4208,082036,072036,,N,N,25.381,buy,R,,5.47,N,1062824950.0,1045944418.0,Y,20.34,47711.75,-3.37%,00,buy,buy,buy,15:14:03,148.25,20.88%,4.178,-10.29%,-10.82%,179.200,179.200,-6.69%,7868.34,Y,0,0,,-,,N,-,buy,-,26-03-16,200.08,17.84,9.60,1.4%,1.4%,"转债占流动市值比：1.4%
转债占总市值比：1.4%",0.00,002036,sz128101,有效期：-；质押代码：128101,128101；2020-09-21 开始转股,全价：179.200 最后更新：15:14:03
110058,永鼎转债,sh600105,永鼎股份,C,5.04,2020-07-13,2019-10-22,2025-04-15,2023-04-17,,,100.000,y,66.82,30,30,0,0.00,,,5.79,110.000,n,130.000,15,30,0,,X,9.800,2.611,AA-,AA-,无担保,,,,shmb,,,110058,110058,0.7820,704105,733105,,N,N,49.990,buy,R,,2.61,N,1411054063.0,1380910263.0,Y,5.28,12078.04,-0.75%,00,buy,buy,buy,14:59:52,104.76,20.91%,3.260,-3.17%,-3.92%,126.670,126.670,0.13%,1913.41,Y,1,1,,-,,N,-,buy,-,25-04-15,147.58,6.55,3.53,3.6%,3.5%,"转债占流动市值比：3.6%
转债占总市值比：3.5%",0.00,600105,sh110058,有效期：-；质押代码：110058,110058；2019-10-22 开始转股,全价：126.670 最后更新：14:59:52
113044,大秦转债,sh601006,大秦铁路,C,7.18,2021-07-08,2021-06-18,2026-12-13,2024-12-13,,,100.000,y,76.38,30,30,0,0.73,2022-01-12,2022-01-12,1.86,108.000,n,120.000,15,30,0,,X,320.000,319.992,AAA,AAA,无担保,,,,shmb,,,113044,113044,2.1520,764006,783006,,N,N,72.460,buy,R,,0.79,N,14866908025.0,14866908025.0,Y,6.58,23299.98,0.61%,00,buy,buy,buy,15:00:00,91.64,20.96%,4.923,0.56%,0.05%,110.850,110.850,-0.16%,65944.70,Y,0,0,,-,,N,-,buy,-,26-12-13,131.81,8.62,5.03,32.7%,32.7%,"转债占流动市值比：32.7%
转债占总市值比：32.7%",0.00,601006,sh113044,有效期：2022-01-12 到 2022-01-12；质押代码：113044,113044；2021-06-18 开始转股,全价：110.850 最后更新：15:00:00
123024,岱勒转债,sz300700,岱勒新材,C,14.10,2021-06-01,2019-09-27,2024-03-21,2022-03-21,,,100.000,y,66.87,30,30,0,0.00,,,3.27,110.000,n,130.000,15,30,0,,X,2.100,2.097,A+,A+,无担保,,,,szcy,,,123024,123024,2.5485,380700,370700,,N,N,55.940,buy,,,3.06,N,107137593.0,77228202.0,Y,14.76,3509.92,0.89%,00,buy,buy,buy,15:14:03,104.68,21.02%,2.192,-5.34%,-6.30%,126.680,126.680,0.12%,866.92,Y,1,1,,-,,N,-,buy,-,24-03-21,147.70,18.33,9.87,18.4%,13.3%,"转债占流动市值比：18.4%
转债占总市值比：13.3%",0.00,300700,sz123024,有效期：-；质押代码：123024,123024；2019-09-27 开始转股,全价：126.680 最后更新：15:14:03
128069,华森转债,sz002907,华森制药,C,18.01,2021-06-24,2019-12-30,2025-06-24,2023-06-26,,,100.000,y,67.06,30,30,0,0.00,,,149.68,115.000,n,130.000,15,30,0,,X,3.000,2.997,AA-,AA-,股份质押担保,,,,szmb,,,128069,128069,0.7498,082907,072907,,N,N,61.340,buy,,,5.96,N,401690732.0,284291978.0,Y,18.80,42320.27,10.01%,00,buy,buy,buy,15:14:03,104.39,21.48%,3.452,-1.79%,-2.73%,126.810,126.810,2.55%,56847.66,Y,0,0,,-,,N,-,buy,-,25-06-24,148.29,23.41,12.61,5.6%,4.0%,"转债占流动市值比：5.6%
转债占总市值比：4.0%",0.00,002907,sz128069,有效期：-；质押代码：128069,128069；2019-12-30 开始转股,全价：126.810 最后更新：15:14:03
123060,苏试转债,sz300416,苏试试验,C,19.05,2022-01-11,2021-01-27,2026-07-20,2024-07-22,,,100.000,y,44.23,30,30,0,0.00,,,3.63,112.000,n,130.000,15,30,0,,N,3.100,3.097,AA-,AA-,无担保,,,,szcy,2021年11月5日公告：本次（2021年10月18日至2021年11月5日）不行使提前赎回权利，至2022年5月5日均不提前赎回,,123060,123060,1.5243,380416,370416,,N,N,75.120,buy,,,7.43,N,284582225.0,261781906.0,Y,30.15,10342.48,0.20%,00,buy,buy,buy,15:14:03,158.27,21.62%,4.523,-10.57%,-11.13%,192.490,192.490,-1.54%,2162.43,Y,0,0,G,-,,N,-,buy,-,26-07-20,214.11,24.77,13.34,3.9%,3.6%,"转债占流动市值比：3.9%
转债占总市值比：3.6%",0.00,300416,sz123060,有效期：-；质押代码：123060,123060；2021-01-27 开始转股,全价：192.490 最后更新：15:14:03
123043,正元转债,sz300645,正元智慧,C,15.38,2021-06-09,2020-09-11,2026-03-04,2024-03-04,,,100.000,y,47.18,30,30,0,0.00,,,111.36,115.000,n,130.000,15,30,12,,X,1.750,1.656,A+,A+,无担保,,,,szcy,,,123043,123043,1.3815,380645,370645,,N,N,48.790,buy,,,4.17,N,127650635.0,127650635.0,Y,22.82,18091.14,-2.65%,00,buy,buy,buy,15:14:03,148.37,21.65%,4.145,-9.41%,-10.15%,180.500,180.500,-2.90%,33973.86,Y,0,0,,-,,N,-,buy,-,26-03-04,202.15,19.99,10.77,5.7%,5.7%,"转债占流动市值比：5.7%
转债占总市值比：5.7%",0.00,300645,sz123043,有效期：-；质押代码：123043,123043；2020-09-11 开始转股,全价：180.500 最后更新：15:14:03
123087,明电转债,sz300739,明阳电路,C,16.32,2021-05-24,2021-06-21,2026-12-14,2025-12-15,,,100.000,y,56.28,30,30,0,0.00,,,2.75,115.000,n,130.000,15,30,0,,X,6.730,4.189,AA-,AA-,无担保,,,,szcy,,,123087,123087,2.4094,380739,370739,,N,N,84.410,buy,R,,2.99,N,294756807.0,288240707.0,Y,17.40,6134.80,-1.14%,00,buy,buy,buy,15:14:03,106.62,21.68%,4.926,-1.47%,-2.17%,129.730,129.730,-0.22%,1497.98,Y,1,1,,-,,N,-,buy,-,26-12-14,151.41,21.22,9.79,8.4%,8.2%,"转债占流动市值比：8.4%
转债占总市值比：8.2%",0.00,300739,sz123087,有效期：-；质押代码：123087,123087；2021-06-21 开始转股,全价：129.730 最后更新：15:14:03
128066,亚泰转债,sz002811,郑中设计,C,9.27,2021-06-15,2019-10-23,2025-04-17,2023-04-17,,,100.000,y,71.70,30,30,0,0.00,,,1.92,112.000,n,130.000,15,30,0,,X,4.800,4.798,AA-,AA-,"连带责任保证,保证人深圳市亚泰一兆投资有限公司",,,,szmb,,,128066,128066,2.6666,082811,072811,,N,N,77.910,buy,,,1.60,N,270023688.0,239078995.0,Y,9.05,760.44,-0.77%,00,buy,buy,buy,15:14:03,97.63,21.75%,3.266,-0.57%,-1.47%,118.864,118.864,-0.35%,1101.51,Y,1,1,,-,,N,-,buy,-,25-04-17,140.61,12.05,6.49,22.2%,19.6%,"转债占流动市值比：22.2%
转债占总市值比：19.6%",0.00,002811,sz128066,有效期：-；质押代码：128066,128066；2019-10-23 开始转股,全价：118.864 最后更新：15:14:03
128073,哈尔转债,sz002615,哈尔斯,C,5.70,2021-12-31,2020-02-28,2024-08-22,2022-08-22,,,100.000,y,68.32,30,30,0,0.00,,,2.55,112.000,n,130.000,15,30,0,,X,3.000,2.987,AA-,AA-,股份质押的担保方式,,,,szmb,,,128073,128073,0.7309,082615,072615,,N,N,27.880,buy,,,2.67,N,414119070.0,230906045.0,Y,5.84,3413.28,0.34%,00,buy,buy,buy,15:14:03,102.46,21.85%,2.614,-3.29%,-4.24%,124.841,124.841,-0.15%,953.59,Y,0,0,,-,,N,-,buy,-,24-08-22,146.69,7.41,3.99,22.2%,12.4%,"转债占流动市值比：22.2%
转债占总市值比：12.4%",0.00,002615,sz128073,有效期：-；质押代码：128073,128073；2020-02-28 开始转股,全价：124.841 最后更新：15:14:03
110074,精达转债,sh600577,精达股份,C,3.73,2021-04-26,2021-02-25,2026-08-18,2024-08-19,,,100.000,y,37.14,30,30,0,0.00,,,12.19,112.000,n,130.000,15,30,0,,N,7.870,5.099,AA,AA,无担保,,,,shmb,2022年1月7日公告：本次（2021年12月16日至2022年1月6日）不提前赎回，至 2022年7月6日均不提前赎回,,110074,110074,0.4090,704577,733577,,N,N,62.152,buy,R,,3.19,N,1995704423.0,1995704423.0,Y,7.03,22942.77,1.15%,00,buy,buy,buy,14:59:58,188.47,21.92%,4.603,-13.86%,-14.38%,229.780,229.780,-0.18%,14498.80,Y,0,0,G,-,,N,-,buy,-,26-08-18,251.70,4.85,2.61,3.6%,3.6%,"转债占流动市值比：3.6%
转债占总市值比：3.6%",0.00,600577,sh110074,有效期：-；质押代码：110074,110074；2021-02-25 开始转股,全价：229.780 最后更新：14:59:58
113582,火炬转债,sh603678,火炬电子,C,24.99,2021-07-09,2020-12-02,2026-05-27,2024-05-27,,,100.000,y,26.17,30,30,0,0.00,,,4.99,110.000,n,130.000,15,30,0,,N,6.000,4.178,AA,AA,无担保,,,,shmb,2021年8月3日公告，本次（2021年7月14日至2021年8月3日）不行提前赎回权利，至2022年2月3日均不提前赎回,,113582,113582,1.3290,753678,754678,,N,N,73.030,buy,R,,6.83,N,459857772.0,459030972.0,Y,66.85,22901.00,-1.34%,00,buy,buy,buy,15:00:00,267.51,21.93%,4.375,-21.51%,-21.93%,326.180,326.180,-5.50%,7102.94,Y,0,0,G,-,,N,-,buy,-,26-05-27,348.11,32.49,17.49,1.4%,1.4%,"转债占流动市值比：1.4%
转债占总市值比：1.4%",0.00,603678,sh113582,有效期：-；质押代码：113582,113582；2020-12-02 开始转股,全价：326.180 最后更新：15:00:00
110048,福能转债,sh600483,福能股份,C,7.85,2021-07-28,2019-06-13,2024-12-06,2022-12-07,,,100.000,y,39.96,30,30,0,0.00,,,7.17,109.000,n,130.000,15,30,0,,N,28.300,12.763,AA+,AA+,无担保,,,,shmb,2021年10月29日公告：本次（2021年10月8日至2021年10月28日）不行使福能转债的提前赎回权利，至2022年1月28日均不提前赎回,,110048,110048,1.8230,704483,733483,,N,N,32.130,buy,R,,1.57,N,1954540075.0,1745999119.0,Y,13.75,17416.95,-1.43%,00,buy,buy,buy,14:59:58,175.16,22.02%,2.904,-20.10%,-20.67%,213.730,213.730,-1.95%,19728.37,Y,0,0,G,-,,N,-,buy,-,24-12-06,235.75,10.21,5.50,5.3%,4.7%,"转债占流动市值比：5.3%
转债占总市值比：4.7%",0.00,600483,sh110048,有效期：-；质押代码：110048,110048；2019-06-13 开始转股,全价：213.730 最后更新：14:59:58
127035,濮耐转债,sz002225,濮耐股份,C,4.43,,2021-12-01,2026-05-25,2024-05-27,,,100.000,y,67.27,30,30,0,0.00,,,2.13,108.800,n,130.000,15,30,0,,X,6.264,6.262,AA,AA,无,,,,szmb,,,127035,127035,0.6199,082225,072225,,N,N,31.300,-,,,1.50,N,1010353122.0,812937916.0,Y,4.61,4298.39,0.00%,00,buy,buy,buy,15:14:03,104.06,22.09%,4.370,-2.36%,-2.94%,127.050,127.050,0.37%,1697.83,Y,0,0,,-,,N,-,buy,-,26-05-25,149.14,5.76,3.10,16.7%,13.4%,"转债占流动市值比：16.7%
转债占总市值比：13.4%",0.00,002225,sz127035,有效期：-；质押代码：127035,127035；2021-12-01 开始转股,全价：127.050 最后更新：15:14:03
128033,迪龙转债,sz002658,雪迪龙,C,8.56,2021-10-19,2018-07-03,2023-12-27,2021-12-27,,,100.000,y,66.95,30,30,0,0.00,,,28.04,106.000,n,130.000,15,30,0,,X,5.200,2.977,AA,AA,无担保,,,,szmb,,,128033,128033,0.8596,082658,072658,,N,N,70.040,buy,,,2.25,N,630057171.0,332754681.0,Y,8.95,15997.07,-3.24%,00,buy,buy,buy,15:14:03,104.56,22.33%,1.959,-8.54%,-9.19%,127.900,127.900,-0.16%,10692.31,Y,1,1,,-,,N,-,buy,-,23-12-27,150.23,11.13,5.99,10.0%,5.3%,"转债占流动市值比：10.0%
转债占总市值比：5.3%",0.00,002658,sz128033,有效期：-；质押代码：128033,128033；2018-07-03 开始转股,全价：127.900 最后更新：15:14:03
118002,天合转债,sh688599,天合光能,C,50.51,,2022-02-21,2027-08-12,2025-08-12,,,100.000,y,56.31,30,30,0,0.00,,,4.15,115.000,n,130.000,15,30,0,,X,52.520,52.520,AA,AA,无,,,,shkc,,,未到转股期,118002,2.5400,726599,718599,,N,N,63.350,buy,R,,7.92,N,2068026375.0,1219295285.0,Y,62.79,81639.34,-2.82%,00,buy,buy,buy,14:59:59,124.31,22.42%,5.586,-4.21%,-4.79%,152.180,152.180,-2.60%,33339.73,Y,0,0,,-,,N,-,buy,-,27-08-12,174.60,65.66,35.36,6.9%,4.0%,"转债占流动市值比：6.9%
转债占总市值比：4.0%",0.00,688599,sh118002,有效期：-；质押代码：118002,未到转股期；2022-02-21 开始转股,全价：152.180 最后更新：14:59:59
113593,沪工转债,sh603131,上海沪工,C,21.12,2021-06-10,2021-01-25,2026-07-19,2024-07-22,,,100.000,y,58.20,30,30,0,0.00,,,2.35,115.000,n,130.000,15,30,0,,X,4.000,3.998,A+,A+,公司控股股东舒宏瑞不可撤销的连带责任保证担保,,,,shmb,,,113593,113593,1.2570,753131,754131,,N,N,55.560,buy,,,5.99,N,317982401.0,317982401.0,Y,25.40,4093.99,-1.93%,00,buy,buy,buy,14:59:58,120.27,22.44%,4.521,-4.30%,-5.05%,147.250,147.250,-1.84%,1401.73,Y,0,0,,-,,N,-,buy,-,26-07-19,169.69,27.46,14.78,5.0%,5.0%,"转债占流动市值比：5.0%
转债占总市值比：5.0%",0.00,603131,sh113593,有效期：-；质押代码：113593,113593；2021-01-25 开始转股,全价：147.250 最后更新：14:59:58
123025,精测转债,sz300567,精测电子,C,49.37,2021-05-28,2019-10-08,2025-03-28,2023-03-29,,,100.000,y,57.15,30,30,0,0.00,,,11.61,112.000,n,130.000,15,30,2,,X,3.750,3.087,AA-,AA-,无担保,,,,szcy,,,123025,123025,2.2919,380567,370567,,N,N,62.670,buy,R,,5.12,N,278143947.0,201520612.0,Y,60.47,42232.15,-5.28%,00,buy,buy,buy,15:14:03,122.48,22.51%,3.211,-7.73%,-8.53%,150.051,150.051,-5.25%,5535.44,Y,0,0,,-,,N,-,buy,-,25-03-28,172.56,64.18,34.56,2.5%,1.8%,"转债占流动市值比：2.5%
转债占总市值比：1.8%",0.00,300567,sz123025,有效期：-；质押代码：123025,123025；2019-10-08 开始转股,全价：150.051 最后更新：15:14:03
113016,小康转债,sh601127,小康股份,C,16.96,2021-07-05,2018-05-11,2023-11-06,2021-11-06,,,100.000,y,24.31,30,30,0,0.00,,,43.81,106.000,n,130.000,15,30,0,,N,15.000,2.070,AA-,AA-,无担保,,,,shmb,2021年4月2日公告：本次不行使提前赎回权利，不提前赎回；至2022年4月2日均不提前赎回,,113016,113016,1.6490,764127,783127,,N,N,89.391,buy,R,,9.16,N,1359932415.0,1032551463.0,Y,48.83,126225.17,-7.22%,00,buy,buy,buy,14:59:59,287.91,22.61%,1.819,-,-,353.000,353.000,-4.80%,33102.79,Y,1,1,G,-,,N,-,buy,-,23-11-06,375.61,22.05,11.87,0.4%,0.3%,"转债占流动市值比：0.4%
转债占总市值比：0.3%",0.00,601127,sh113016,有效期：-；质押代码：113016,113016；2018-05-11 开始转股,全价：353.000 最后更新：14:59:59
127036,三花转债,sz002050,三花智控,C,21.55,,2021-12-07,2027-05-31,2025-06-02,,,100.000,y,61.32,30,30,0,0.00,,,0.35,110.000,n,130.000,15,30,0,,X,30.000,29.993,AA+,AA+,无,,,,szmb,,,127036,127036,0.8375,082050,072050,,N,N,74.078,buy,R,,8.22,N,3591251288.0,3540901127.0,Y,24.60,31562.46,-2.61%,00,buy,buy,buy,15:14:03,114.15,22.68%,5.386,-3.72%,-4.17%,140.039,140.039,-1.64%,1456.88,Y,0,0,,-,,N,-,buy,-,27-05-31,162.72,28.02,15.09,3.4%,3.4%,"转债占流动市值比：3.4%
转债占总市值比：3.4%",0.00,002050,sz127036,有效期：-；质押代码：127036,127036；2021-12-07 开始转股,全价：140.039 最后更新：15:14:03
128037,岩土转债,sz002542,中化岩土,C,3.10,2021-07-07,2018-09-21,2024-03-15,2022-03-15,,,100.000,y,71.85,30,30,0,0.00,,,1.83,108.000,n,130.000,15,30,0,,X,6.037,6.028,AA,AA,无担保,,,,szmb,,,128037,128037,0.3333,082542,072542,,N,N,13.370,buy,,,1.32,N,1805339752.0,1498193375.0,Y,3.02,6790.07,-1.31%,00,buy,buy,buy,15:14:03,97.42,22.70%,2.175,-3.29%,-4.20%,119.536,119.536,-0.37%,1321.52,Y,1,1,,-,,N,-,buy,-,24-03-15,142.24,4.03,2.17,13.3%,11.1%,"转债占流动市值比：13.3%
转债占总市值比：11.1%",0.00,002542,sz128037,有效期：-；质押代码：128037,128037；2018-09-21 开始转股,全价：119.536 最后更新：15:14:03
123014,凯发转债,sz300407,凯发电气,C,8.05,2021-06-03,2019-02-11,2023-07-27,2021-07-27,,,100.000,y,62.82,30,30,0,0.00,,,7.84,106.000,n,130.000,15,30,0,,X,3.499,1.161,A+,A+,无担保,,,,szcy,,,123014,123014,1.2659,380407,370407,,N,N,45.880,buy,,,1.94,N,305096381.0,210891547.0,Y,8.97,3378.53,2.16%,00,buy,buy,buy,15:14:03,111.43,22.74%,1.540,-14.59%,-15.35%,136.772,136.772,0.13%,1243.86,Y,0,0,,-,,N,-,buy,-,23-07-27,159.51,10.46,5.63,6.1%,4.2%,"转债占流动市值比：6.1%
转债占总市值比：4.2%",0.00,300407,sz123014,有效期：-；质押代码：123014,123014；2019-02-11 开始转股,全价：136.772 最后更新：15:14:03
127047,帝欧转债,sz002798,帝欧家居,C,13.53,,2022-04-29,2027-10-25,2025-10-27,,,100.000,y,62.43,30,30,0,0.00,,,1.30,115.000,n,130.000,15,30,0,,X,15.000,15.000,AA-,AA-,无担保,,,,szmb,,,未到转股期,127047,3.8770,082798,072798,,N,N,49.880,-,,,1.28,N,386893064.0,222617840.0,Y,15.17,10134.53,-0.33%,00,buy,buy,buy,15:14:03,112.12,22.77%,5.789,-2.32%,-2.90%,137.653,137.653,-0.97%,2692.52,Y,0,0,,-,,N,-,buy,-,27-10-25,160.42,17.59,9.47,44.4%,25.6%,"转债占流动市值比：44.4%
转债占总市值比：25.6%",0.00,002798,sz127047,有效期：-；质押代码：127047,未到转股期；2022-04-29 开始转股,全价：137.653 最后更新：15:14:03
123118,惠城转债,sz300779,惠城环保,C,17.11,,2022-01-13,2027-07-06,2025-07-07,,,100.000,y,68.95,30,30,0,0.00,,,2.51,115.000,n,130.000,15,30,0,,X,3.200,3.200,A+,A+,无,,,,szcy,,,未到转股期,123118,3.2000,380779,370779,,N,N,33.230,-,,,2.44,N,100000000.0,69884304.0,Y,17.37,2441.61,0.29%,00,buy,buy,buy,15:14:03,101.52,22.93%,5.485,-0.47%,-1.14%,124.800,124.800,-0.06%,1005.64,Y,0,0,,-,,N,-,buy,-,27-07-06,147.73,22.24,11.98,26.4%,18.4%,"转债占流动市值比：26.4%
