bond_id,bond_nm,stock_id,stock_nm,btype,convert_price,convert_price_valid_from,convert_dt,maturity_dt,next_put_dt,put_dt,put_notes,put_price,put_inc_cpn_fl,put_convert_price_ratio,put_count_days,put_total_days,put_real_days,repo_discount_rt,repo_valid_from,repo_valid_to,turnover_rt,redeem_price,redeem_inc_cpn_fl,redeem_price_ratio,redeem_count_days,redeem_total_days,redeem_real_days,redeem_dt,redeem_flag,orig_iss_amt,curr_iss_amt,rating_cd,issuer_rating_cd,guarantor,ssc_dt,esc_dt,sc_notes,market_cd,force_redeem,real_force_redeem_price,convert_cd,repo_cd,ration,ration_cd,apply_cd,online_offline_ratio,qflag,qflag2,ration_rt,fund_rt,margin_flg,lt_bps,pb,pb_flag,total_shares,float_shares,sqflg,sprice,svolume,sincrease_rt,qstatus,bond_value,bond_value2,volatility_rate,last_time,convert_value,premium_rt,year_left,ytm_rt,ytm_rt_tax,price,full_price,increase_rt,volume,convert_price_valid,adj_scnt,adj_cnt,redeem_icon,ref_yield_info,adjust_tip,adjusted,option_tip,bond_value3,left_put_year,short_maturity_dt,dblow,force_redeem_price,put_convert_price,convert_amt_ratio,convert_amt_ratio2,convert_amt_ratio_tips,stock_net_value,stock_cd,pre_bond_id,repo_valid,convert_cd_tip,price_tips
127052,杭锅转债,sz002534,杭锅股份,C,28.08,,2022-06-30,2027-12-23,2025-12-23,,,100.000,y,62.90,30,30,0,0.00,,,,110.000,n,130.000,15,30,0,,X,11.100,11.100,AA,AA,无,,,,szmb,,,未到转股期,127052,1.5445,082534,072534,,N,N,72.180,-,,,6.69,N,739201050.0,725645705.0,Y,31.25,9129.61,-4.14%,00,buy,buy,buy,,111.29,-10.14%,5.945,2.44%,1.96%,100.000,100.000,0.00%,0.00,Y,0,0,,-,,N,-,buy,-,27-12-23,89.86,36.50,19.66,4.9%,4.8%,"转债占流动市值比：4.9%
转债占总市值比：4.8%",0.00,002534,sz127052,有效期：-；质押代码：127052,未到转股期；2022-06-30 开始转股,待上市
113637,华翔转债,sh603112,华翔股份,C,12.99,,2022-06-28,2027-12-22,2025-12-22,,,100.000,y,65.51,30,30,0,0.00,,,,115.000,n,130.000,15,30,0,,X,8.000,8.000,AA-,AA-,无,,,,shmb,,,未到转股期,113637,1.8300,753112,754112,,N,N,77.900,-,,,3.05,N,436090490.0,153864926.0,Y,13.88,4635.09,0.00%,00,buy,buy,buy,,106.85,-6.41%,5.942,3.32%,2.69%,100.000,100.000,0.00%,0.00,Y,0,0,,-,,N,-,buy,-,27-12-22,93.59,16.89,9.09,37.5%,13.2%,"转债占流动市值比：37.5%
转债占总市值比：13.2%",0.00,603112,sh113637,有效期：-；质押代码：113637,未到转股期；2022-06-28 开始转股,待上市
127007,湖广转债,sz000665,湖北广电,C,5.58,2020-07-17,2019-01-04,2024-06-28,2022-06-28,,,100.000,y,38.67,30,30,0,0.00,,,1108.14,108.000,n,130.000,15,30,7,,X,17.336,5.920,AA+,AA+,无担保,,,,szmb,,,127007,127007,2.7248,080665,070665,,N,N,16.550,buy,R,,1.72,N,1014363870.0,1014306085.0,Y,10.10,381314.74,-1.37%,00,buy,buy,buy,15:14:03,181.00,-3.92%,2.458,-16.84%,-17.49%,173.900,173.900,-11.28%,1316325.24,Y,1,1,,-,,N,-,buy,-,24-06-28,169.98,7.25,3.91,5.8%,5.8%,"转债占流动市值比：5.8%
转债占总市值比：5.8%",0.00,000665,sz127007,有效期：-；质押代码：127007,127007；2019-01-04 开始转股,全价：173.900 最后更新：15:14:03
123135,泰林转债,sz300813,泰林生物,C,87.38,,2022-07-04,2027-12-27,2025-12-29,,,100.000,y,67.97,30,30,0,0.00,,,,115.000,n,130.000,15,30,0,,X,2.100,2.100,A+,A+,无,,,,szcy,,,未到转股期,123135,4.0407,380813,370813,,N,N,78.220,-,,,9.64,N,51970000.0,16277000.0,Y,89.99,16415.67,-7.05%,00,buy,buy,buy,,102.99,-2.90%,5.956,3.40%,2.75%,100.000,100.000,0.00%,0.00,Y,0,0,,-,,N,-,buy,-,27-12-27,97.10,113.59,61.17,14.3%,4.5%,"转债占流动市值比：14.3%
转债占总市值比：4.5%",0.00,300813,sz123135,有效期：-；质押代码：123135,未到转股期；2022-07-04 开始转股,待上市
128106,华统转债,sz002840,华统股份,C,9.37,2021-06-30,2020-10-16,2026-04-09,2024-04-09,,,100.000,y,36.72,30,30,0,0.00,,,72.70,108.000,n,130.000,15,30,0,,N,5.500,4.351,AA,AA,连带责任保证,,,,szmb,2021年12月25日公告：本次（2021年12月6日至2021年12月24日）不提前赎回，至2022年6月26日均不提前赎回,,128106,128106,1.9826,082840,072840,,N,N,67.140,buy,,,4.68,N,456240764.0,444778364.0,Y,17.86,24522.33,-5.20%,00,buy,buy,buy,15:14:03,190.61,-0.80%,4.238,-11.66%,-12.11%,189.089,189.089,-7.62%,62008.56,Y,0,0,G,-,,N,-,buy,-,26-04-09,188.29,12.18,6.56,5.5%,5.3%,"转债占流动市值比：5.5%
转债占总市值比：5.3%",0.00,002840,sz128106,有效期：-；质押代码：128106,128106；2020-10-16 开始转股,全价：189.089 最后更新：15:14:03
113626,伯特转债,sh603596,伯特利,C,36.01,2021-10-28,2022-01-05,2027-06-28,2025-06-27,,,100.000,y,32.49,30,30,0,0.00,,,41.51,116.000,n,130.000,15,30,7,,X,9.020,9.019,AA,AA,无,,,,shmb,,,113626,113626,2.2130,753596,754596,,N,N,70.636,buy,,,9.54,N,408446000.0,406626000.0,Y,77.58,53411.71,5.90%,00,buy,buy,buy,14:59:59,215.44,-0.08%,5.458,-10.15%,-10.71%,215.260,215.260,-0.98%,83769.08,Y,0,0,,-,,N,-,buy,-,27-06-28,215.18,46.81,25.21,2.9%,2.8%,"转债占流动市值比：2.9%
转债占总市值比：2.8%",0.00,603596,sh113626,有效期：-；质押代码：113626,113626；2022-01-05 开始转股,全价：215.260 最后更新：14:59:59
128013,洪涛转债,sz002325,洪涛股份,C,2.31,2021-12-13,2017-02-06,2022-07-29,2020-07-29,,,100.000,y,56.15,30,30,0,0.00,,,4.84,108.000,n,130.000,15,30,0,,X,12.000,10.607,A-,A-,无担保,,,,szmb,,,128013,128013,0.9980,082325,072325,10,N,N,,buy,R,,1.31,N,1325359461.0,1003074122.0,Y,2.88,3690.71,0.35%,00,buy,buy,buy,15:14:03,124.68,0.45%,0.540,-25.48%,-27.85%,125.231,125.231,-0.15%,6449.59,Y,3,3,,-,,N,-,buy,-,22-07-29,125.68,3.00,1.62,36.7%,27.8%,"转债占流动市值比：36.7%
转债占总市值比：27.8%",0.00,002325,sz128013,有效期：-；质押代码：128013,128013；2017-02-06 开始转股,全价：125.231 最后更新：15:14:03
128050,钧达转债,sz002865,钧达股份,C,14.81,2021-11-26,2019-06-14,2024-12-10,2022-12-10,,,100.000,y,17.09,30,30,0,0.00,,,224.35,118.000,n,130.000,15,30,30,2022-01-27,Y,3.200,0.515,AA-,AA-,中汽塑料,,,,szmb,"最后交易日：2022年1月27日
最后转股日：2022年1月27日
赎回价：100.21元/张",100.210,128050,128050,2.6298,082865,072865,,N,N,17.350,buy,,,7.97,N,137291465.0,133915115.0,Y,60.67,14065.40,-1.14%,00,buy,buy,buy,15:14:03,409.66,0.57%,2.910,-34.56%,-35.32%,411.999,411.999,-0.96%,47863.84,Y,1,1,R,-,,N,-,buy,-,24-12-10,412.57,19.25,10.37,0.6%,0.6%,"转债占流动市值比：0.6%
转债占总市值比：0.6%",0.00,002865,sz128050,有效期：-；质押代码：128050,128050；2019-06-14 开始转股,全价：411.999 最后更新：15:14:03
113591,胜达转债,sh603687,大胜达,C,8.76,2021-06-11,2021-01-08,2026-06-30,2024-07-01,,,100.000,y,50.06,30,30,0,0.00,,,19.56,116.000,n,130.000,15,30,7,,X,5.500,5.185,AA-,AA-,股票质押担保,,,,shmb,,,113591,113591,1.3300,753687,754687,,N,N,69.650,buy,,,2.78,N,414413879.0,145371179.0,Y,12.25,4021.72,-1.69%,00,buy,buy,buy,14:59:50,139.84,1.24%,4.463,-3.40%,-4.18%,141.570,141.570,-2.03%,14621.29,Y,2,2,,-,,N,-,buy,-,26-06-30,142.81,11.39,6.13,29.1%,10.2%,"转债占流动市值比：29.1%
转债占总市值比：10.2%",0.00,603687,sh113591,有效期：-；质押代码：113591,113591；2021-01-08 开始转股,全价：141.570 最后更新：14:59:50
113026,核能转债,sh601985,中国核电,C,5.73,2021-07-16,2019-10-21,2025-04-14,2023-04-17,,,100.000,y,55.40,30,30,0,0.84,2022-01-14,2022-01-14,4.00,105.000,n,130.000,15,30,14,,X,78.000,75.052,AAA,AAA,无担保,,,,shmb,,,113026,113026,0.5010,764985,783985,,N,N,79.230,buy,R,,1.70,N,17522710852.0,17074949659.0,Y,7.24,103839.40,-2.56%,00,buy,buy,buy,14:59:59,126.35,2.14%,3.252,-5.08%,-5.57%,129.060,129.060,-0.72%,38736.09,Y,0,0,,-,,N,-,buy,-,25-04-14,131.20,7.45,4.01,6.1%,5.9%,"转债占流动市值比：6.1%
转债占总市值比：5.9%",0.00,601985,sh113026,有效期：2022-01-14 到 2022-01-14；质押代码：113026,113026；2019-10-21 开始转股,全价：129.060 最后更新：14:59:59
128094,星帅转债,sz002860,星帅尔,C,13.80,2021-06-08,2020-07-22,2026-01-16,2024-01-16,,,100.000,y,40.85,30,30,0,0.00,,,17.70,115.000,n,130.000,15,30,8,,X,2.800,2.089,A+,A+,股份质押和保证,,,,szmb,,,128094,128094,2.3897,082860,072860,,N,N,75.030,buy,,,4.01,N,204206647.0,147145649.0,Y,23.65,4913.62,-2.35%,00,buy,buy,buy,15:14:03,171.38,2.49%,4.011,-9.07%,-9.85%,175.642,175.642,-1.45%,6530.08,Y,0,0,,-,,N,-,buy,-,26-01-16,178.13,17.94,9.66,6.0%,4.3%,"转债占流动市值比：6.0%
转债占总市值比：4.3%",0.00,002860,sz128094,有效期：-；质押代码：128094,128094；2020-07-22 开始转股,全价：175.642 最后更新：15:14:03
128085,鸿达转债,sz002002,鸿达兴业,C,3.91,2021-06-22,2020-06-22,2025-12-16,2023-12-18,,,100.000,y,47.11,30,30,0,0.00,,,20.21,118.000,n,130.000,15,30,0,,N,24.270,3.392,B,B,无担保,,,,szmb,2021年12月11日公告：本次不提前赎回鸿达转债，至2022年12月8日前均不提前赎回,,128085,128085,0.9374,082002,072002,,N,N,26.280,buy,R,,1.73,N,3120485457.0,3116603421.0,Y,5.81,44747.62,-2.02%,00,buy,buy,buy,15:14:03,148.59,2.64%,3.926,-5.27%,-6.21%,152.520,152.520,-0.93%,10505.82,Y,0,0,G,-,,N,-,buy,-,25-12-16,155.16,5.08,2.74,1.9%,1.9%,"转债占流动市值比：1.9%
转债占总市值比：1.9%",0.00,002002,sz128085,有效期：-；质押代码：128085,128085；2020-06-22 开始转股,全价：152.520 最后更新：15:14:03
123078,飞凯转债,sz300398,飞凯材料,C,15.56,2021-05-31,2021-06-03,2026-11-26,2024-11-26,,,100.000,y,36.31,30,30,0,0.00,,,263.37,110.000,n,120.000,15,30,8,,X,8.250,8.101,AA,AA,无担保,,,,szcy,,,123078,123078,1.5992,380398,370398,,N,N,35.740,buy,R,,5.01,N,516098134.0,509839254.0,Y,30.00,225238.38,6.31%,00,buy,buy,buy,15:14:03,192.80,2.95%,4.871,-10.78%,-11.23%,198.498,198.498,3.88%,428479.28,Y,1,1,,-,,N,-,buy,-,26-11-26,201.45,18.67,10.89,5.3%,5.2%,"转债占流动市值比：5.3%
转债占总市值比：5.2%",0.00,300398,sz123078,有效期：-；质押代码：123078,123078；2021-06-03 开始转股,全价：198.498 最后更新：15:14:03
128046,利尔转债,sz002258,利尔化学,C,18.42,2021-04-13,2019-04-23,2024-10-17,2022-10-17,,,100.000,y,41.95,30,30,0,0.00,,,20.96,108.000,n,130.000,20,30,8,,X,8.520,8.076,AA,AA,无担保,,,,szmb,,,128046,128046,1.6247,082258,072258,,N,N,43.380,buy,R,,3.58,N,526773275.0,524181885.0,Y,30.74,67223.77,-9.99%,00,buy,buy,buy,15:14:03,166.88,3.25%,2.762,-14.82%,-15.43%,172.300,172.300,-9.32%,30686.25,Y,0,0,,-,,N,-,buy,-,24-10-17,175.55,23.95,12.89,5.0%,5.0%,"转债占流动市值比：5.0%
转债占总市值比：5.0%",0.00,002258,sz128046,有效期：-；质押代码：128046,128046；2019-04-23 开始转股,全价：172.300 最后更新：15:14:03
123111,东财转3,sz300059,东方财富,C,23.35,2021-05-27,2021-10-13,2027-04-06,2025-04-07,,,100.000,y,50.25,30,30,0,0.00,,,5.30,107.000,n,130.000,15,30,8,,X,158.000,150.856,AA+,AA+,无,,,,szcy,,,123111,123111,1.8344,380059,370059,,N,N,71.340,buy,R,,8.22,N,10366327855.0,8592810347.0,Y,32.53,530742.68,-3.36%,00,buy,buy,buy,15:14:03,139.31,3.36%,5.230,-4.99%,-5.33%,144.000,144.000,-3.68%,117195.09,Y,0,0,,-,,N,-,buy,-,27-04-06,147.36,30.36,16.34,5.4%,4.5%,"转债占流动市值比：5.4%
转债占总市值比：4.5%",0.00,300059,sz123111,有效期：-；质押代码：123111,123111；2021-10-13 开始转股,全价：144.000 最后更新：15:14:03
123083,朗新转债,sz300682,朗新科技,C,15.39,2021-12-23,2021-06-15,2026-12-08,2024-12-09,,,100.000,y,31.92,30,30,0,0.00,,,6.67,110.000,n,130.000,15,30,13,,X,8.000,6.010,AA,AA,无担保,,,,szcy,,,123083,123083,0.7833,380682,370682,,N,N,77.260,buy,,,6.36,N,1045521166.0,737572050.0,Y,33.75,14416.17,-2.37%,00,buy,buy,buy,15:14:03,219.30,3.65%,4.904,-13.18%,-13.62%,227.305,227.305,-1.86%,9185.00,Y,0,0,,-,,N,-,buy,-,26-12-08,230.96,20.01,10.77,2.4%,1.7%,"转债占流动市值比：2.4%
转债占总市值比：1.7%",0.00,300682,sz123083,有效期：-；质押代码：123083,123083；2021-06-15 开始转股,全价：227.305 最后更新：15:14:03
123133,佩蒂转债,sz300673,佩蒂股份,C,19.92,,2022-06-28,2027-12-21,2025-12-22,,,100.000,y,72.66,30,30,0,0.00,,,,115.000,n,130.000,15,30,0,,X,7.200,7.200,AA-,AA-,无,,,,szcy,,,未到转股期,123133,2.8412,380673,370673,,N,N,81.350,-,,,2.92,N,253411200.0,162384480.0,Y,19.19,11498.48,-4.34%,00,buy,buy,buy,,96.34,3.80%,5.940,3.25%,2.63%,100.000,100.000,0.00%,0.00,Y,0,0,,-,,N,-,buy,-,27-12-21,103.80,25.90,13.94,23.1%,14.8%,"转债占流动市值比：23.1%
转债占总市值比：14.8%",0.00,300673,sz123133,有效期：-；质押代码：123133,未到转股期；2022-06-28 开始转股,待上市
128128,齐翔转2,sz002408,齐翔腾达,C,5.69,2021-09-29,2021-02-26,2026-08-19,2024-08-19,,,100.000,y,37.43,30,30,0,0.00,,,4.14,110.000,n,130.000,15,30,8,,X,29.900,6.806,AA,AA,无担保,,,,szmb,,,128128,128128,1.7102,082408,072408,,N,N,76.460,buy,R,,2.43,N,2842637146.0,2771179688.0,Y,10.64,27491.54,-1.48%,00,buy,buy,buy,15:14:03,186.99,3.93%,4.600,-10.96%,-11.44%,194.349,194.349,-2.40%,5526.33,Y,0,0,,-,,N,-,buy,-,26-08-19,198.28,7.40,3.98,2.3%,2.3%,"转债占流动市值比：2.3%
转债占总市值比：2.3%",0.00,002408,sz128128,有效期：-；质押代码：128128,128128；2021-02-26 开始转股,全价：194.349 最后更新：15:14:03
123086,海兰转债,sz300065,海兰信,C,7.27,2021-07-15,2021-06-17,2026-12-10,2024-12-10,,,100.000,y,36.80,30,30,0,0.00,,,35.28,118.000,n,130.000,15,30,8,,X,7.300,4.817,AA-,AA-,无担保,,,,szcy,,,123086,123086,1.8358,380065,370065,,N,N,59.780,buy,R,,4.97,N,629832887.0,539962284.0,Y,13.83,36720.95,-3.82%,00,buy,buy,buy,15:14:03,190.23,4.08%,4.910,-9.36%,-10.05%,198.000,198.000,-4.29%,34619.39,Y,1,1,,-,,N,-,buy,-,26-12-10,202.08,9.45,5.09,6.5%,5.5%,"转债占流动市值比：6.5%
转债占总市值比：5.5%",0.00,300065,sz123086,有效期：-；质押代码：123086,123086；2021-06-17 开始转股,全价：198.000 最后更新：15:14:03
113541,荣晟转债,sh603165,荣晟环保,C,10.84,2021-05-17,2020-02-03,2025-07-22,2023-07-24,,,100.000,y,43.96,30,30,0,0.00,,,22.52,110.000,n,130.000,15,30,0,,N,3.300,1.628,AA-,AA-,股份质押和保证,,,,shmb,2021年11月22日公告：本次（2021年10月12日至2021年11月22日）不行使提前赎回权利，至2022年5月22日均不提前赎回,,113541,113541,1.8600,753165,754165,,N,N,24.502,buy,,,2.58,N,263201890.0,263201890.0,Y,17.26,2470.51,-0.23%,00,buy,buy,buy,14:59:56,159.23,4.10%,3.523,-10.18%,-10.80%,165.760,165.760,-0.10%,6073.66,Y,1,1,G,-,,N,-,buy,-,25-07-22,169.86,14.09,7.59,3.6%,3.6%,"转债占流动市值比：3.6%
转债占总市值比：3.6%",0.00,603165,sh113541,有效期：-；质押代码：113541,113541；2020-02-03 开始转股,全价：165.760 最后更新：14:59:56
110084,贵燃转债,sh600903,贵州燃气,C,10.17,,2022-07-01,2027-12-27,2025-12-29,,,100.000,y,72.94,30,30,0,0.00,,,,110.000,n,130.000,15,30,0,,X,10.000,10.000,AA,AA,无,,,,shmb,,,未到转股期,110084,0.8780,704903,733903,,N,N,49.410,-,R,,3.93,N,1138185027.0,1138185027.0,Y,9.76,3851.24,-0.20%,00,buy,buy,buy,,95.97,4.20%,5.956,2.43%,1.96%,100.000,100.000,0.00%,0.00,Y,0,0,,-,,N,-,buy,-,27-12-27,104.20,13.22,7.12,9.0%,9.0%,"转债占流动市值比：9.0%
转债占总市值比：9.0%",0.00,600903,sh110084,有效期：-；质押代码：110084,未到转股期；2022-07-01 开始转股,待上市
113053,隆22转债,sh601012,隆基股份,C,82.65,,2022-07-11,2028-01-04,2026-01-05,,,100.000,y,73.00,30,30,0,0.00,,,,107.000,n,130.000,15,30,0,,X,70.000,70.000,AAA,AAA,无,,,,shmb,,,未到转股期,113053,1.2930,764012,783012,,N,N,62.100,-,R,,9.32,N,5412952708.0,5412832854.0,Y,79.25,276633.75,-1.18%,00,buy,buy,buy,,95.89,4.29%,5.978,1.82%,1.46%,100.000,100.000,0.00%,0.00,Y,0,0,,-,,N,-,buy,-,28-01-04,104.29,107.44,57.85,1.6%,1.6%,"转债占流动市值比：1.6%
转债占总市值比：1.6%",0.00,601012,sh113053,有效期：-；质押代码：113053,未到转股期；2022-07-11 开始转股,待上市
132018,G三峡EB1,sh600900,长江电力,E,16.74,2021-07-16,2020-04-13,2024-04-09,2023-04-10,,,100.000,y,52.41,30,30,0,0.92,2022-01-14,2022-01-14,0.33,108.000,y,120.000,15,30,23,,X,200.000,160.503,AAA,AAA,长江电力A股股票及其孳息,,,,shmb,,,132018,132018,,,759001,,N,N,100.000,buy,R,,2.89,N,22741859230.0,22741859230.0,Y,22.36,76599.99,0.40%,00,buy,buy,buy,14:58:59,133.57,4.35%,2.238,-10.28%,-10.97%,139.000,139.384,0.71%,7413.72,Y,0,0,B,-,,N,-,buy,-,24-04-09,143.35,20.09,11.72,3.2%,3.2%,"转债占流动市值比：3.2%
转债占总市值比：3.2%",0.00,600900,sh132018,有效期：2022-01-14 到 2022-01-14；质押代码：132018,132018；2020-04-13 开始转股,全价：139.384 最后更新：14:58:59
123092,天壕转债,sz300332,天壕环境,C,5.19,2021-07-12,2021-06-30,2026-12-23,2024-12-23,,,100.000,y,34.53,30,30,0,0.00,,,106.53,115.000,n,130.000,15,30,8,,X,4.230,4.167,A+,A+,无,,,,szcy,,,123092,123092,0.4805,380332,370332,,N,N,55.430,buy,,,2.67,N,881408921.0,841982571.0,Y,10.52,28218.66,3.54%,00,buy,buy,buy,15:14:03,202.70,4.43%,4.945,-10.87%,-11.48%,211.680,211.680,4.39%,95342.81,Y,0,0,,-,,N,-,buy,-,26-12-23,216.11,6.75,3.63,4.7%,4.5%,"转债占流动市值比：4.7%
转债占总市值比：4.5%",0.00,300332,sz123092,有效期：-；质押代码：123092,123092；2021-06-30 开始转股,全价：211.680 最后更新：15:14:03
128103,同德转债,sz002360,同德化工,C,5.08,2021-05-25,2020-10-09,2026-03-25,2024-03-25,,,100.000,y,39.42,30,30,0,0.00,,,31.24,115.000,n,130.000,15,30,8,,X,1.440,0.884,A+,A+,土地、固定资产等抵押方式,,,,szmb,,,128103,128103,0.3859,082360,072360,,N,N,31.100,buy,,,2.69,N,402376378.0,312278270.0,Y,9.02,6182.52,-3.22%,00,buy,buy,buy,15:14:03,177.56,4.69%,4.197,-9.87%,-10.62%,185.880,185.880,-1.65%,5192.34,Y,0,0,,-,,N,-,buy,-,26-03-25,190.57,6.60,3.56,3.1%,2.4%,"转债占流动市值比：3.1%
转债占总市值比：2.4%",0.00,002360,sz128103,有效期：-；质押代码：128103,128103；2020-10-09 开始转股,全价：185.880 最后更新：15:14:03
123073,同和转债,sz300636,同和药业,C,14.82,2021-05-18,2021-05-06,2026-10-25,2024-10-26,,,100.000,y,46.00,30,30,0,0.00,,,41.76,116.000,n,130.000,20,30,1,,X,3.600,3.581,A+,A+,无担保,,,,szcy,,,123073,123073,2.7989,380636,370636,,N,N,70.695,buy,,,5.32,N,205906321.0,169027590.0,Y,22.55,7598.58,-2.68%,00,buy,buy,buy,15:14:03,152.16,4.82%,4.784,-5.57%,-6.28%,159.500,159.500,0.95%,23859.92,Y,1,1,,-,,N,-,buy,-,26-10-25,164.32,19.27,10.37,9.4%,7.7%,"转债占流动市值比：9.4%
转债占总市值比：7.7%",0.00,300636,sz123073,有效期：-；质押代码：123073,123073；2021-05-06 开始转股,全价：159.500 最后更新：15:14:03
123012,万顺转债,sz300057,万顺新材,C,5.27,2021-05-17,2019-01-26,2024-07-20,2022-07-20,,,100.000,y,43.66,30,30,0,0.00,,,30.96,106.000,n,130.000,15,30,8,,X,9.500,1.225,AA-,AA-,无担保,,,,szcy,,,123012,123012,2.1607,380057,370057,,N,N,2.190,buy,,,1.61,N,683644894.0,507430086.0,Y,8.45,10995.82,-3.65%,00,buy,buy,buy,15:14:03,160.34,5.40%,2.518,-16.12%,-16.65%,169.000,169.000,-2.90%,6482.27,Y,0,0,,-,,N,-,buy,-,24-07-20,174.40,6.85,3.69,2.9%,2.1%,"转债占流动市值比：2.9%
转债占总市值比：2.1%",0.00,300057,sz123012,有效期：-；质押代码：123012,123012；2019-01-26 开始转股,全价：169.000 最后更新：15:14:03
123085,万顺转2,sz300057,万顺新材,C,6.20,2021-05-17,2021-06-17,2026-12-10,2024-12-10,,,100.000,y,51.36,30,30,0,0.00,,,5.53,108.000,n,130.000,15,30,8,,X,9.000,8.512,AA-,AA-,无担保,,,,szcy,,,123085,123085,1.3341,380057,370057,,N,N,66.940,buy,,,1.61,N,683644894.0,507430086.0,Y,8.45,10995.82,-3.65%,00,buy,buy,buy,15:14:03,136.29,5.66%,4.910,-4.92%,-5.36%,144.000,144.000,-3.55%,6836.34,Y,0,0,,-,,N,-,buy,-,26-12-10,149.66,8.06,4.34,19.9%,14.7%,"转债占流动市值比：19.9%
转债占总市值比：14.7%",0.00,300057,sz123085,有效期：-；质押代码：123085,123085；2021-06-17 开始转股,全价：144.000 最后更新：15:14:03
127040,国泰转债,sz002091,江苏国泰,C,9.02,,2022-01-13,2027-07-06,2025-07-07,,,100.000,y,48.61,30,30,0,0.00,,,1.59,108.000,n,130.000,15,30,1,,X,45.574,45.574,AA+,AA+,无,,,,szmb,,,127040,127040,2.9100,082091,072091,,N,N,65.940,buy,R,,2.07,N,1563536598.0,1513016522.0,Y,12.99,20671.71,-2.77%,00,buy,buy,buy,15:14:03,144.01,5.82%,5.479,-5.46%,-5.84%,152.401,152.401,-3.36%,11185.26,Y,0,0,,-,,N,-,buy,-,27-07-06,158.22,11.73,6.31,23.2%,22.4%,"转债占流动市值比：23.2%
转债占总市值比：22.4%",0.00,002091,sz127040,有效期：-；质押代码：127040,127040；2022-01-13 开始转股,全价：152.401 最后更新：15:14:03
128082,华锋转债,sz002806,华锋股份,C,9.13,2021-03-23,2020-06-10,2025-12-03,2023-12-04,,,100.000,y,45.33,30,30,0,0.00,,,12.16,115.000,n,130.000,15,30,8,,X,3.520,2.036,A,A,土地、房产、机器设备等资产抵 押和股份质押担保,,,,szmb,,,128082,128082,1.9995,082806,072806,,N,N,5.530,buy,,,2.30,N,191703355.0,139230770.0,Y,14.10,3858.21,-1.47%,00,buy,buy,buy,15:14:03,154.44,6.00%,3.890,-7.70%,-8.51%,163.700,163.700,-1.18%,4087.47,Y,2,2,,-,,N,-,buy,-,25-12-03,169.70,11.87,6.39,10.4%,7.5%,"转债占流动市值比：10.4%
转债占总市值比：7.5%",0.00,002806,sz128082,有效期：-；质押代码：128082,128082；2020-06-10 开始转股,全价：163.700 最后更新：15:14:03
128091,新天转债,sz002873,新天药业,C,11.62,2021-11-10,2020-07-06,2025-12-30,2024-01-01,,,100.000,y,34.26,30,30,0,0.00,,,822.56,113.000,n,130.000,15,30,16,,X,1.770,1.547,A+,A+,房产抵押和股份质押,,,,szmb,,,128091,128091,1.5410,082873,072873,,N,N,46.250,buy,,,4.36,N,164048027.0,155115979.0,Y,23.74,59546.21,-7.45%,00,buy,buy,buy,15:14:03,204.30,6.16%,3.964,-14.37%,-15.02%,216.880,216.880,-3.74%,279969.62,Y,0,0,B,-,,N,-,buy,-,25-12-30,223.04,15.11,8.13,4.2%,4.0%,"转债占流动市值比：4.2%
转债占总市值比：4.0%",0.00,002873,sz128091,有效期：-；质押代码：128091,128091；2020-07-06 开始转股,全价：216.880 最后更新：15:14:03
113585,寿仙转债,sh603896,寿仙谷,C,28.38,2021-06-30,2020-12-15,2026-06-08,2024-06-10,,,100.000,y,36.80,30,30,0,0.00,,,58.33,112.000,n,130.000,15,30,0,,N,3.600,1.008,AA-,AA-,连带责任保证,,,,shmb,2021年9月1日公告：本次（2021年8月11日至2021年8月31日）不行使提前赎回权利，至2022年2月28日均不提前赎回,,113585,113585,2.5080,753896,754896,,N,N,82.309,buy,,,5.47,N,152498417.0,152498417.0,Y,53.98,24246.66,-6.43%,00,buy,buy,buy,14:59:57,190.20,6.31%,4.403,-11.84%,-12.41%,202.210,202.210,-5.27%,12091.34,Y,0,0,G,-,,N,-,buy,-,26-06-08,208.52,36.89,19.87,1.2%,1.2%,"转债占流动市值比：1.2%
转债占总市值比：1.2%",0.00,603896,sh113585,有效期：-；质押代码：113585,113585；2020-12-15 开始转股,全价：202.210 最后更新：14:59:57
113549,白电转债,sh603861,白云电器,C,9.06,2021-11-16,2020-05-21,2025-11-14,2023-11-14,,,100.000,y,53.12,30,30,0,0.00,,,54.41,110.000,n,130.000,15,30,9,,X,8.800,8.048,AA,AA,无担保,,,,shmb,,,113549,113549,1.9470,753861,753861,,N,N,62.480,buy,,,1.93,N,435981858.0,421289381.0,Y,11.94,21049.93,0.76%,00,buy,buy,buy,15:00:00,131.79,6.38%,3.838,-5.27%,-5.88%,140.190,140.190,-3.18%,62541.41,Y,0,0,,-,,N,-,buy,-,25-11-14,146.57,11.78,6.34,16.0%,15.5%,"转债占流动市值比：16.0%
转债占总市值比：15.5%",0.00,603861,sh113549,有效期：-；质押代码：113549,113549；2020-05-21 开始转股,全价：140.190 最后更新：15:00:00
113567,君禾转债,sh603617,君禾股份,C,10.58,2021-12-09,2020-09-10,2026-03-03,2024-03-04,,,100.000,y,54.06,30,30,0,0.00,,,19.22,113.000,n,130.000,15,30,0,,X,2.100,2.099,A+,A+,股票质押担保,,,,shmb,,,113567,113567,1.4730,753617,754617,,N,N,70.840,buy,,,4.75,N,259301043.0,199462981.0,Y,13.70,3824.96,0.74%,00,buy,buy,buy,14:59:52,129.49,6.44%,4.137,-3.61%,-4.36%,137.830,137.830,0.08%,5558.62,Y,0,0,,-,,N,-,buy,-,26-03-03,144.27,13.75,7.41,7.7%,5.9%,"转债占流动市值比：7.7%
转债占总市值比：5.9%",0.00,603617,sh113567,有效期：-；质押代码：113567,113567；2020-09-10 开始转股,全价：137.830 最后更新：14:59:52
113638,台21转债,sh603055,台华新材,C,16.87,,2022-07-05,2027-12-28,2025-12-29,,,100.000,y,74.65,30,30,0,0.00,,,,112.000,n,130.000,15,30,0,,X,6.000,6.000,AA,AA,,,,,shmb,,,未到转股期,113638,0.6910,753055,754055,,N,N,60.150,-,,,3.83,N,868874372.0,804671904.0,Y,15.82,5656.73,-1.80%,00,buy,buy,buy,,93.78,6.64%,5.959,2.73%,2.21%,100.000,100.000,0.00%,0.00,Y,0,0,,-,,N,-,buy,-,27-12-28,106.64,21.93,11.81,4.7%,4.4%,"转债占流动市值比：4.7%
转债占总市值比：4.4%",0.00,603055,sh113638,有效期：-；质押代码：113638,未到转股期；2022-07-05 开始转股,待上市
128093,百川转债,sz002455,百川股份,C,5.77,2021-05-27,2020-07-09,2026-01-03,2024-01-03,,,100.000,y,30.41,30,30,0,0.00,,,20.24,120.000,n,130.000,20,30,8,,X,5.200,1.614,AA-,AA-,自有资产抵押担保,,,,szmb,,,128093,128093,1.0314,082455,072455,,N,N,19.690,buy,,,4.16,N,565949304.0,450664327.0,Y,13.28,14557.38,-2.85%,00,buy,buy,buy,15:14:03,230.16,6.65%,3.975,-15.34%,-16.27%,245.470,245.470,-2.20%,8074.44,Y,0,0,,-,,N,-,buy,-,26-01-03,252.12,7.50,4.04,2.7%,2.1%,"转债占流动市值比：2.7%
转债占总市值比：2.1%",0.00,002455,sz128093,有效期：-；质押代码：128093,128093；2020-07-09 开始转股,全价：245.470 最后更新：15:14:03
123052,飞鹿转债,sz300665,飞鹿股份,C,7.05,2021-06-03,2020-12-11,2026-06-04,2024-06-04,,,100.000,y,47.32,30,30,0,0.00,,,83.25,120.000,n,130.000,15,30,0,,N,1.770,1.504,A+,A+,无担保,,,,szcy,2021年8月24日公告：本次（2021年8月4日至2021年8月24日）不提前赎回，至2022年2月24日均不提前赎回,,123052,123052,1.4612,380665,370665,,N,N,75.366,buy,,,3.31,N,173398120.0,132959648.0,Y,10.43,12410.54,3.37%,00,buy,buy,buy,15:14:03,147.94,6.76%,4.392,-4.99%,-5.92%,157.940,157.940,3.23%,19579.67,Y,0,0,G,-,,N,-,buy,-,26-06-04,164.70,9.16,4.93,10.8%,8.3%,"转债占流动市值比：10.8%
转债占总市值比：8.3%",0.00,300665,sz123052,有效期：-；质押代码：123052,123052；2020-12-11 开始转股,全价：157.940 最后更新：15:14:03
128081,海亮转债,sz002203,海亮股份,C,9.69,2021-06-23,2020-05-27,2025-11-21,2023-11-21,,,100.000,y,55.78,30,30,0,0.00,,,1.49,110.000,n,130.000,15,30,4,,X,31.500,30.055,AA,AA,无担保,,,,szmb,,,128081,128081,1.6136,082203,072203,,N,N,64.450,buy,R,,2.25,N,1966736307.0,1923941740.0,Y,12.16,10194.84,0.00%,00,buy,buy,buy,15:14:03,125.49,6.78%,3.858,-4.11%,-4.73%,134.000,134.000,0.57%,5998.46,Y,0,0,,-,,N,-,buy,-,25-11-21,140.78,12.60,6.78,12.8%,12.6%,"转债占流动市值比：12.8%
转债占总市值比：12.6%",0.00,002203,sz128081,有效期：-；质押代码：128081,128081；2020-05-27 开始转股,全价：134.000 最后更新：15:14:03
118004,博瑞转债,sh688166,博瑞医药,C,35.68,,2022-07-11,2028-01-03,2026-01-05,,,100.000,y,74.78,30,30,0,0.00,,,,115.000,n,130.000,15,30,0,,X,4.650,4.650,AA-,AA-,无,,,,shkc,,,未到转股期,118004,1.1340,726166,718166,,N,N,55.740,-,R,,8.65,N,410000000.0,210912771.0,Y,33.40,5298.39,-2.94%,00,buy,buy,buy,,93.61,6.83%,5.975,3.30%,2.67%,100.000,100.000,0.00%,0.00,Y,0,0,,-,,N,-,buy,-,28-01-03,106.83,46.38,24.98,6.6%,3.4%,"转债占流动市值比：6.6%
转债占总市值比：3.4%",0.00,688166,sh118004,有效期：-；质押代码：118004,未到转股期；2022-07-11 开始转股,待上市
128130,景兴转债,sz002067,景兴纸业,C,3.40,,2021-03-04,2026-08-30,2024-08-30,,,100.000,y,66.02,30,30,0,0.00,,,2.43,110.000,n,130.000,15,30,0,,X,12.800,9.987,AA,AA,无担保,,,,szmb,,,128130,128130,1.1519,082067,072067,,N,N,53.140,buy,R,,0.92,N,1193928835.0,1056303835.0,Y,4.12,6777.51,0.00%,00,buy,buy,buy,15:14:03,121.18,6.85%,4.630,-2.61%,-3.16%,129.480,129.480,-0.36%,3165.62,Y,0,0,,-,,N,-,buy,-,26-08-30,136.33,4.42,2.72,22.9%,20.3%,"转债占流动市值比：22.9%
转债占总市值比：20.3%",0.00,002067,sz128130,有效期：-；质押代码：128130,128130；2021-03-04 开始转股,全价：129.480 最后更新：15:14:03
113534,鼎胜转债,sh603876,鼎胜新材,C,15.18,2020-07-24,2019-10-16,2025-04-08,2023-04-10,,,100.000,y,30.15,30,30,0,0.00,,,9.09,110.000,n,130.000,15,30,0,,N,12.540,4.039,AA-,AA-,无担保,,,,shmb,2021年10月29日公告：本次（2021年10月8日至2021年10月28日）不提前赎回，至2022年1月28日均不提前赎回,,113534,113534,2.9160,753876,754876,,N,N,46.940,buy,,,3.62,N,485976499.0,485976499.0,Y,35.24,13624.35,-2.14%,00,buy,buy,buy,14:59:57,232.15,6.96%,3.236,-21.64%,-22.20%,248.310,248.310,-0.95%,9181.32,Y,1,1,G,-,,N,-,buy,-,25-04-08,255.27,19.73,10.63,2.4%,2.4%,"转债占流动市值比：2.4%
转债占总市值比：2.4%",0.00,603876,sh113534,有效期：-；质押代码：113534,113534；2019-10-16 开始转股,全价：248.310 最后更新：14:59:57
113548,石英转债,sh603688,石英股份,C,14.93,2021-05-28,2020-05-06,2025-10-27,2023-10-27,,,100.000,y,18.09,30,30,0,0.00,,,34.91,118.000,n,130.000,15,30,8,,X,3.600,1.202,AA-,AA-,股份质押和保证,,,,shmb,,,113548,113548,1.0780,753688,754688,,N,N,43.700,buy,R,,9.84,N,353147440.0,353147440.0,Y,57.76,19647.03,-1.35%,00,buy,buy,buy,14:59:59,386.87,7.01%,3.789,-27.67%,-28.36%,413.980,413.980,-1.49%,17597.98,Y,0,0,,-,,N,-,buy,-,25-10-27,420.99,19.41,10.45,0.6%,0.6%,"转债占流动市值比：0.6%
转债占总市值比：0.6%",0.00,603688,sh113548,有效期：-；质押代码：113548,113548；2020-05-06 开始转股,全价：413.980 最后更新：14:59:59
123089,九洲转2,sz300040,九洲集团,C,5.68,2021-07-14,2021-06-25,2026-12-20,2024-12-20,,,100.000,y,44.72,30,30,0,0.00,,,9.68,115.000,n,130.000,15,30,0,,N,5.000,3.063,AA-,AA-,无担保,,,,szcy,2021年10月26日公告：本次（截至2021年10月26日）不行使九洲转2的提前赎回权利，至2022年1月29日均不提前赎回,,123089,123089,1.3144,380040,370040,,N,N,61.460,buy,,,1.98,N,587645532.0,455302906.0,Y,8.89,7096.18,-1.33%,00,buy,buy,buy,15:14:03,156.51,7.38%,4.937,-6.61%,-7.25%,168.064,168.064,-1.07%,5000.23,Y,0,0,G,-,,N,-,buy,-,26-12-20,175.44,7.38,3.98,7.6%,5.9%,"转债占流动市值比：7.6%
转债占总市值比：5.9%",0.00,300040,sz123089,有效期：-；质押代码：123089,123089；2021-06-25 开始转股,全价：168.064 最后更新：15:14:03
123103,震安转债,sz300767,震安科技,C,56.89,2021-06-11,2021-09-22,2027-03-11,2025-03-11,,,100.000,y,42.23,30,30,0,0.00,,,6.66,115.000,n,130.000,15,30,0,,N,2.850,2.525,A+,A+,无,,,,szcy,2021年10月21日公告：本次（2021年9月22日至2021年10月19日）不行使提前赎回权利，至2022年4月20日均不提前赎回,,123103,123103,1.9791,380767,370767,,N,N,53.950,buy,,,15.10,N,202170726.0,118282633.0,Y,94.30,9460.98,-3.38%,00,buy,buy,buy,15:14:03,165.76,7.39%,5.159,-7.30%,-7.92%,178.000,178.000,-3.00%,3024.68,Y,0,0,G,-,,N,-,buy,-,27-03-11,185.39,73.96,39.82,2.3%,1.3%,"转债占流动市值比：2.3%
转债占总市值比：1.3%",0.00,300767,sz123103,有效期：-；质押代码：123103,123103；2021-09-22 开始转股,全价：178.000 最后更新：15:14:03
128111,中矿转债,sz002738,中矿资源,C,15.45,2022-01-06,2020-12-17,2026-06-10,2024-06-10,,,100.000,y,19.02,30,30,0,0.00,,,78.53,118.000,n,130.000,15,30,0,,N,8.000,1.447,AA-,AA-,无担保,,,,szmb,2021年1月28日公告，本次（2020年12月17日至2021年1月28日）不行使提前赎回权利不提前赎回，至2022年1月28日前均不提前赎回,,128111,128111,2.8784,082738,072738,,N,N,70.254,buy,,,4.95,N,325175572.0,296108329.0,Y,56.87,75923.93,-5.22%,00,buy,buy,buy,15:14:03,368.09,7.72%,4.408,-23.50%,-24.13%,396.500,396.500,-5.93%,45875.26,Y,0,0,G,-,,N,-,buy,-,26-06-10,404.22,20.09,10.81,0.9%,0.8%,"转债占流动市值比：0.9%
转债占总市值比：0.8%",0.00,002738,sz128111,有效期：-；质押代码：128111,128111；2020-12-17 开始转股,全价：396.500 最后更新：15:14:03
123097,美力转债,sz300611,美力科技,C,9.28,2021-07-09,2021-08-02,2027-01-26,2025-01-27,,,100.000,y,54.68,30,30,0,0.00,,,38.10,115.000,n,130.000,15,30,6,,X,3.000,2.999,A+,A+,无,,,,szcy,,,123097,123097,1.7295,380611,370611,,N,N,57.250,buy,,,2.64,N,178963188.0,121740438.0,Y,11.88,8238.68,4.03%,00,buy,buy,buy,15:14:03,128.02,7.79%,5.038,-2.54%,-3.24%,137.990,137.990,2.86%,15675.84,Y,0,0,,-,,N,-,buy,-,27-01-26,145.78,12.06,6.50,20.7%,14.1%,"转债占流动市值比：20.7%
转债占总市值比：14.1%",0.00,300611,sz123097,有效期：-；质押代码：123097,123097；2021-08-02 开始转股,全价：137.990 最后更新：15:14:03
128113,比音转债,sz002832,比音勒芬,C,14.60,2021-07-07,2020-12-21,2026-06-14,2024-06-14,,,100.000,y,39.94,30,30,0,0.00,,,5.14,112.000,n,130.000,15,30,8,,X,6.890,2.979,AA,AA,无担保,,,,szmb,,,128113,128113,1.3147,082832,072832,,N,N,85.110,buy,,,4.70,N,550326712.0,369037012.0,Y,25.59,5053.51,-0.27%,00,buy,buy,buy,15:14:03,175.27,7.86%,4.419,-10.48%,-11.05%,189.047,189.047,0.36%,2913.92,Y,0,0,,-,,N,-,buy,-,26-06-14,196.91,18.98,10.22,3.2%,2.1%,"转债占流动市值比：3.2%
转债占总市值比：2.1%",0.00,002832,sz128113,有效期：-；质押代码：128113,128113；2020-12-21 开始转股,全价：189.047 最后更新：15:14:03
123112,万讯转债,sz300112,万讯自控,C,8.93,2021-05-28,2021-10-14,2027-04-07,2025-04-07,,,100.000,y,45.46,30,30,0,0.00,,,76.81,118.000,n,130.000,15,30,0,,N,2.457,2.454,AA-,AA-,无,,,,szcy,2021年11月27日公告：本次（2021年11月1日至2021年11月26日）不行使提前赎回权利，至2022年2月26日均不提前赎回,,123112,123112,0.8599,380112,370112,,N,N,30.520,-,,,3.42,N,285779089.0,219186741.0,Y,13.75,24884.26,-3.98%,00,buy,buy,buy,15:14:03,153.98,8.02%,5.233,-5.50%,-6.22%,166.326,166.326,-2.61%,32091.28,Y,0,0,G,-,,N,-,buy,-,27-04-07,174.35,11.61,6.25,8.1%,6.2%,"转债占流动市值比：8.1%
转债占总市值比：6.2%",0.00,300112,sz123112,有效期：-；质押代码：123112,123112；2021-10-14 开始转股,全价：166.326 最后更新：15:14:03
127042,嘉美转债,sz002969,嘉美包装,C,4.87,,2022-02-14,2027-08-09,2025-08-11,,,100.000,y,60.12,30,30,0,0.00,,,3.74,112.000,n,130.000,15,30,0,,X,7.500,7.500,AA,AA,无,,,,szmb,,,未到转股期,127042,0.7809,082969,072969,,N,N,8.550,-,,,2.38,N,962265735.0,444176962.0,Y,5.67,2898.48,-0.35%,00,buy,buy,buy,15:14:03,116.43,8.31%,5.573,-1.34%,-1.87%,126.100,126.100,-0.16%,3557.00,Y,0,0,,-,,N,-,buy,-,27-08-09,134.41,6.33,3.41,29.8%,13.7%,"转债占流动市值比：29.8%
转债占总市值比：13.7%",0.00,002969,sz127042,有效期：-；质押代码：127042,未到转股期；2022-02-14 开始转股,全价：126.100 最后更新：15:14:03
113537,文灿转债,sh603348,文灿股份,C,19.28,2021-06-18,2019-12-16,2025-06-09,2023-06-12,,,100.000,y,22.81,30,30,0,0.00,,,195.97,115.000,n,130.000,15,30,0,,N,8.000,1.406,AA-,AA-,无担保,,,,shmb,2021年10月27日公告：本次不行使文灿转债的提前赎回权利，至2022年4月27日前均不提前赎回,,113537,113537,3.6360,753348,754348,,N,N,18.080,buy,,,5.83,N,262171258.0,257431258.0,Y,59.17,15562.94,2.19%,00,buy,buy,buy,15:00:00,306.90,8.36%,3.405,-26.16%,-26.85%,332.550,332.550,4.74%,90336.65,Y,0,0,G,-,,N,-,buy,-,25-06-09,340.91,25.06,13.50,0.9%,0.9%,"转债占流动市值比：0.9%
转债占总市值比：0.9%",0.00,603348,sh113537,有效期：-；质押代码：113537,113537；2019-12-16 开始转股,全价：332.550 最后更新：15:00:00
123046,天铁转债,sz300587,天铁股份,C,6.73,2021-12-07,2020-09-25,2026-03-18,2024-03-18,,,100.000,y,24.61,30,30,0,0.00,,,47.32,112.000,n,130.000,15,30,0,,N,3.990,0.599,AA-,AA-,无担保,,,,szcy,2021年12月28日公告：本次（2021年12月7日至2021年12月27日）不提前赎回，至2022年6月27日均不提前赎回,,123046,123046,2.1957,380587,370587,,N,N,52.910,buy,,,7.03,N,628245517.0,478444620.0,Y,19.14,12154.92,-1.59%,00,buy,buy,buy,15:14:03,284.40,8.40%,4.178,-20.91%,-21.44%,308.300,308.300,-1.41%,8766.22,Y,0,0,G,-,,N,-,buy,-,26-03-18,316.70,8.75,4.71,0.7%,0.5%,"转债占流动市值比：0.7%
转债占总市值比：0.5%",0.00,300587,sz123046,有效期：-；质押代码：123046,123046；2020-09-25 开始转股,全价：308.300 最后更新：15:14:03
128025,特一转债,sz002728,特一药业,C,13.80,2021-12-01,2018-06-12,2023-12-06,2021-12-06,,,100.000,y,53.79,30,30,0,0.00,,,226.38,106.000,n,130.000,15,30,3,,X,3.540,2.978,AA-,AA-,许丹青的股票,,,,szmb,,,128025,128025,1.7700,082728,072728,,N,N,74.250,buy,,,3.78,N,221643927.0,127186140.0,Y,17.96,42970.09,1.18%,00,buy,buy,buy,15:14:03,130.14,9.11%,1.896,-13.74%,-14.37%,142.000,142.000,1.42%,97308.37,Y,1,1,,-,,N,-,buy,-,23-12-06,151.11,17.94,9.66,13.0%,7.5%,"转债占流动市值比：13.0%
转债占总市值比：7.5%",0.00,002728,sz128025,有效期：-；质押代码：128025,128025；2018-06-12 开始转股,全价：142.000 最后更新：15:14:03
113629,泉峰转债,sh603982,泉峰汽车,C,23.03,,2022-03-22,2027-09-13,2025-09-15,,,100.000,y,38.65,30,30,0,0.00,,,24.06,115.000,n,130.000,15,30,0,,X,6.200,6.200,AA-,AA-,无,,,,shmb,,,未到转股期,113629,3.0780,753982,754982,,N,N,36.230,buy,,,4.62,N,201415700.0,81723140.0,Y,41.71,21562.37,1.58%,00,buy,buy,buy,15:00:00,181.11,9.30%,5.668,-8.45%,-9.01%,197.960,197.960,-0.13%,30229.64,Y,0,0,,-,,N,-,buy,-,27-09-13,207.26,29.94,16.12,18.2%,7.4%,"转债占流动市值比：18.2%
转债占总市值比：7.4%",0.00,603982,sh113629,有效期：-；质押代码：113629,未到转股期；2022-03-22 开始转股,全价：197.960 最后更新：15:00:00
123031,晶瑞转债,sz300655,晶瑞电材,C,10.13,2021-05-07,2020-03-05,2025-08-28,2023-08-28,,,100.000,y,18.42,30,30,0,0.00,,,37.61,111.000,n,130.000,15,30,12,,X,1.850,0.530,A+,A+,无担保,,,,szcy,,,123031,123031,1.2217,380655,370655,,N,N,8.110,buy,,,8.41,N,340639856.0,289329418.0,Y,38.50,28817.29,-1.76%,00,buy,buy,buy,15:14:03,380.06,9.37%,3.625,-30.13%,-30.59%,415.689,415.689,-1.47%,8324.66,Y,0,0,,-,,N,-,buy,-,25-08-28,425.06,13.17,7.09,0.5%,0.4%,"转债占流动市值比：0.5%
转债占总市值比：0.4%",0.00,300655,sz123031,有效期：-；质押代码：123031,123031；2020-03-05 开始转股,全价：415.689 最后更新：15:14:03
128100,搜特转债,sz002503,搜于特,C,1.62,2021-08-17,2020-09-18,2026-03-11,2024-03-11,,,100.000,y,67.50,30,30,0,0.00,,,9.98,112.000,n,130.000,15,30,0,,X,8.000,7.991,A,A,无担保,,,,szmb,,,128100,128100,0.2622,082503,072503,,N,N,9.330,buy,R,,3.16,N,3092868251.0,2543064601.0,Y,1.68,16600.22,0.00%,00,buy,buy,buy,15:14:03,103.70,9.43%,4.159,0.73%,0.01%,113.487,113.487,-0.07%,9099.78,Y,2,2,,-,,N,-,buy,-,26-03-11,122.92,2.11,1.13,18.7%,15.4%,"转债占流动市值比：18.7%
转债占总市值比：15.4%",0.00,002503,sz128100,有效期：-；质押代码：128100,128100；2020-09-18 开始转股,全价：113.487 最后更新：15:14:03
123067,斯莱转债,sz300382,斯莱克,C,9.36,2021-06-30,2021-03-23,2026-09-16,2024-09-16,,,100.000,y,30.89,30,30,0,0.00,,,13.85,115.000,n,130.000,15,30,0,,N,3.880,2.400,AA-,AA-,无担保,,,,szcy,2021年11月15日公告：本次不行使提前赎回权利，至2022年2月23日均不提前赎回,,123067,123067,0.6940,380382,370382,,N,N,19.960,buy,,,10.34,N,580381337.0,580323512.0,Y,21.21,13847.97,-3.85%,00,buy,buy,buy,15:14:03,226.60,9.46%,4.677,-14.49%,-15.10%,248.050,248.050,-3.14%,8334.02,Y,0,0,G,-,,N,-,buy,-,26-09-16,257.51,12.17,6.55,1.9%,1.9%,"转债占流动市值比：1.9%
转债占总市值比：1.9%",0.00,300382,sz123067,有效期：-；质押代码：123067,123067；2021-03-23 开始转股,全价：248.050 最后更新：15:14:03
123134,卡倍转债,sz300863,卡倍亿,C,92.50,,2022-07-01,2027-12-27,2025-12-29,,,100.000,y,76.68,30,30,0,0.00,,,,115.000,n,130.000,15,30,0,,X,2.790,2.790,A+,A+,无,,,,szcy,,,未到转股期,123134,5.0516,380863,370863,,N,N,79.110,-,R,,7.37,N,55230000.0,18720000.0,Y,84.44,7270.74,-1.25%,00,buy,buy,buy,,91.29,9.55%,5.956,3.31%,2.68%,100.000,100.000,0.00%,0.00,Y,0,0,,-,,N,-,buy,-,27-12-27,109.55,120.25,64.75,17.7%,6.0%,"转债占流动市值比：17.7%
转债占总市值比：6.0%",0.00,300863,sz123134,有效期：-；质押代码：123134,未到转股期；2022-07-01 开始转股,待上市
127027,靖远转债,sz000552,靖远煤电,C,3.13,2021-10-12,2021-06-16,2026-12-09,2024-12-09,,,100.000,y,57.81,30,30,0,0.00,,,9.83,110.000,n,130.000,15,30,0,,X,28.000,24.307,AA+,AA+,无担保,,,,szmb,,,127027,127027,1.2243,080552,070552,,N,N,35.200,buy,R,,1.04,N,2350879797.0,2347628690.0,Y,3.79,58357.32,4.12%,00,buy,buy,buy,15:14:03,121.09,10.18%,4.907,-3.05%,-3.57%,133.410,133.410,1.16%,32198.76,Y,0,0,,-,,N,-,buy,-,26-12-09,143.59,4.07,2.19,27.3%,27.3%,"转债占流动市值比：27.3%
转债占总市值比：27.3%",0.00,000552,sz127027,有效期：-；质押代码：127027,127027；2021-06-16 开始转股,全价：133.410 最后更新：15:14:03
113025,明泰转债,sh601677,明泰铝业,C,11.00,2021-05-14,2019-10-16,2025-04-09,2023-04-10,,,100.000,y,18.55,30,30,0,0.00,,,2.79,110.000,n,130.000,15,30,0,,N,18.390,10.966,AA,AA,无担保,,,,shmb,2021年7月19日公告：本次（2021年6月29日至2021年7月19日）不行使明泰转债的提前赎回权利，至2022年1月18日均不提前赎回,,113025,113025,3.1170,764677,783677,,N,N,24.000,buy,,,2.77,N,682582320.0,682436220.0,Y,41.50,28003.48,-2.49%,00,buy,buy,buy,14:59:51,377.27,10.62%,3.238,-33.33%,-33.79%,417.350,417.350,-0.98%,12846.49,Y,0,0,G,-,,N,-,buy,-,25-04-09,427.97,14.30,7.70,3.9%,3.9%,"转债占流动市值比：3.9%
转债占总市值比：3.9%",0.00,601677,sh113025,有效期：-；质押代码：113025,113025；2019-10-16 开始转股,全价：417.350 最后更新：14:59:51
113039,嘉泽转债,sh601619,嘉泽新能,C,3.46,2021-06-11,2021-03-01,2026-08-23,2024-08-23,,,100.000,y,51.10,30,30,0,0.00,,,13.79,108.000,n,130.000,15,30,0,,N,13.000,2.885,AA,AA,无担保,,,,shmb,2022年1月6日公告：本次（2021年12月15日至2022年1月5日）不提前赎回，至2022年4月5日均不提前赎回,,113039,113039,0.6260,764619,783619,,N,N,76.530,buy,,,2.39,N,2434220009.0,2365350009.0,Y,4.74,7819.94,-0.42%,00,buy,buy,buy,14:59:53,136.99,10.65%,4.611,-6.31%,-6.77%,151.580,151.580,-0.51%,6056.70,Y,0,0,G,-,,N,-,buy,-,26-08-23,162.23,4.50,2.42,2.6%,2.5%,"转债占流动市值比：2.6%
转债占总市值比：2.5%",0.00,601619,sh113039,有效期：-；质押代码：113039,113039；2021-03-01 开始转股,全价：151.580 最后更新：14:59:53
113609,永安转债,sh603776,永安行,C,16.48,2021-06-11,2021-05-31,2026-11-23,2024-11-25,,,100.000,y,59.71,30,30,0,0.00,,,5.04,115.000,n,130.000,15,30,2,,X,8.860,7.338,AA-,AA-,无担保,,,,shmb,,,113609,113609,4.7620,753776,754776,,N,N,81.304,buy,R,,1.30,N,233447522.0,231880822.0,Y,19.32,8838.11,-2.87%,00,buy,buy,buy,14:59:52,117.23,10.68%,4.863,-1.60%,-2.30%,129.750,129.750,-0.71%,4815.49,Y,0,0,,-,,N,-,buy,-,26-11-23,140.43,21.42,11.54,16.4%,16.3%,"转债占流动市值比：16.4%
转债占总市值比：16.3%",0.00,603776,sh113609,有效期：-；质押代码：113609,113609；2021-05-31 开始转股,全价：129.750 最后更新：14:59:52
113051,节能转债,sh601016,节能风电,C,4.05,,2021-12-27,2027-06-21,2025-06-20,,,100.000,y,52.21,30,30,0,0.00,,,5.91,110.000,n,130.000,15,30,13,,X,30.000,29.994,AA+,AA+,无担保,,,,shmb,,,113051,113051,0.5980,764016,783016,,N,N,63.210,buy,R,,2.56,N,5012746687.0,4480556368.0,Y,5.43,47277.38,-2.16%,00,buy,buy,buy,14:59:56,134.07,10.81%,5.438,-4.74%,-5.18%,148.570,148.570,-4.15%,26589.58,Y,0,0,,-,,N,-,buy,-,27-06-21,159.38,5.26,2.83,12.3%,11.0%,"转债占流动市值比：12.3%
转债占总市值比：11.0%",0.00,601016,sh113051,有效期：-；质押代码：113051,113051；2021-12-27 开始转股,全价：148.570 最后更新：14:59:56
113525,台华转债,sh603055,台华新材,C,7.78,2021-05-28,2019-06-21,2024-12-16,2022-12-17,,,100.000,y,34.42,30,30,0,0.00,,,6.67,110.000,n,130.000,15,30,0,,N,5.330,1.854,AA,AA,无担保,,,,shmb,2021年12月28日公告：本次（2021年12月7日至2021年12月27日）不提前赎回，至2022年3月27日均不提前赎回,,113525,113525,0.9730,753055,754055,,N,N,29.060,buy,,,3.83,N,868874372.0,804671904.0,Y,15.82,5656.73,-1.80%,00,buy,buy,buy,14:59:33,203.34,11.05%,2.926,-21.23%,-21.83%,225.810,225.810,-1.15%,2847.38,Y,0,0,G,-,,N,-,buy,-,24-12-16,236.86,10.11,5.45,1.5%,1.3%,"转债占流动市值比：1.5%
转债占总市值比：1.3%",0.00,603055,sh113525,有效期：-；质押代码：113525,113525；2019-06-21 开始转股,全价：225.810 最后更新：14:59:33
123027,蓝晓转债,sz300487,蓝晓科技,C,29.02,2021-06-24,2019-12-17,2025-06-10,2023-06-12,,,100.000,y,19.93,30,30,0,0.00,,,230.12,113.000,n,130.000,15,30,0,,N,3.400,1.070,A+,A+,无担保,,,,szcy,2021年11月1日公告：本次（2021年9月9日至2021年10月29日）不行使提前赎回权利，至2022年1月29日前均不提前赎回,,123027,123027,1.6461,380487,370487,,N,N,71.900,buy,,,11.23,N,219785441.0,128363816.0,Y,101.95,56376.36,4.03%,00,buy,buy,buy,15:14:03,351.31,11.67%,3.408,-30.03%,-30.61%,392.302,392.302,6.16%,94066.33,Y,0,0,G,-,,N,-,buy,-,25-06-10,403.97,37.73,20.31,0.8%,0.5%,"转债占流动市值比：0.8%
转债占总市值比：0.5%",0.00,300487,sz123027,有效期：-；质押代码：123027,123027；2019-12-17 开始转股,全价：392.302 最后更新：15:14:03
123110,九典转债,sz300705,九典制药,C,26.44,2021-05-19,2021-10-08,2027-03-31,2025-03-31,,,100.000,y,55.25,30,30,0,0.00,,,16.02,115.000,n,130.000,15,30,3,,X,2.700,2.698,A+,A+,无,,,,szcy,,,123110,123110,1.1505,380705,370705,,N,N,44.270,buy,,,7.39,N,234687298.0,142890383.0,Y,33.50,9120.40,-3.29%,00,buy,buy,buy,15:14:03,126.70,11.68%,5.214,-2.96%,-3.62%,141.499,141.499,-2.26%,6173.30,Y,0,0,,-,,N,-,buy,-,27-03-31,153.18,34.37,18.51,5.6%,3.4%,"转债占流动市值比：5.6%
转债占总市值比：3.4%",0.00,300705,sz123110,有效期：-；质押代码：123110,123110；2021-10-08 开始转股,全价：141.499 最后更新：15:14:03
110071,湖盐转债,sh600929,雪天盐业,C,6.52,2021-05-31,2021-01-18,2026-07-09,2024-07-09,,,100.000,y,59.58,30,30,0,0.00,,,8.05,110.000,n,130.000,15,30,0,,X,7.200,7.198,AA,AA,无担保,,,,shmb,,,110071,110071,0.7840,704929,733929,,N,N,78.196,buy,R,,2.62,N,931898142.0,917778142.0,Y,7.66,15958.48,-1.16%,00,buy,buy,buy,14:59:55,117.48,11.91%,4.488,-3.02%,-3.58%,131.480,131.480,-0.76%,7687.49,Y,0,0,,-,,N,-,buy,-,26-07-09,143.39,8.48,4.56,10.2%,10.1%,"转债占流动市值比：10.2%
转债占总市值比：10.1%",0.00,600929,sh110071,有效期：-；质押代码：110071,110071；2021-01-18 开始转股,全价：131.480 最后更新：14:59:55
132014,18中化EB,sh601117,中国化学,E,7.39,2021-09-10,2019-04-25,2023-04-24,2022-04-24,,,100.000,y,48.48,30,30,0,1.11,2022-01-14,2022-01-14,1.49,106.000,y,130.000,15,30,0,,N,35.000,14.906,AAA,AAA,预备用于交换的中国化学股票设定为本次债券的担保物,,,,shmb,2021年8月19日公告：本次（2021年7月8日至2021年8月18日）不提前赎回，至2022年3月18日均不提前赎回,,132014,132014,,,,,Q,Q,,buy,R,,1.32,N,6109470588.0,4933000000.0,Y,10.67,76492.37,-4.65%,00,buy,buy,buy,14:56:04,144.38,11.96%,1.277,-27.32%,-28.12%,161.000,161.653,-5.27%,3557.83,Y,0,0,G,-,,N,-,buy,-,23-04-24,172.96,9.61,5.17,2.8%,2.3%,"转债占流动市值比：2.8%
转债占总市值比：2.3%",0.00,601117,sh132014,有效期：2022-01-14 到 2022-01-14；质押代码：132014,132014；2019-04-25 开始转股,全价：161.653 最后更新：14:56:04
123127,耐普转债,sz300818,耐普矿机,C,37.00,,2022-05-04,2027-10-28,2025-10-28,,,100.000,y,56.22,30,30,0,0.00,,,73.97,110.000,n,130.000,15,30,0,,X,4.000,4.000,A+,A+,无,,,,szcy,,,未到转股期,123127,5.7870,380818,370818,,N,N,22.780,-,,,3.42,N,70000000.0,31453000.0,Y,46.07,23082.60,1.48%,00,buy,buy,buy,15:14:03,124.51,12.00%,5.792,-3.16%,-3.63%,139.456,139.456,1.06%,41612.06,Y,0,0,,-,,N,-,buy,-,27-10-28,151.46,48.10,25.90,27.6%,12.4%,"转债占流动市值比：27.6%
转债占总市值比：12.4%",0.00,300818,sz123127,有效期：-；质押代码：123127,未到转股期；2022-05-04 开始转股,全价：139.456 最后更新：15:14:03
123063,大禹转债,sz300021,大禹节水,C,4.83,2021-06-16,2021-02-03,2026-07-27,2025-07-28,,,100.000,y,56.82,30,30,0,0.00,,,4.65,120.000,n,130.000,15,30,0,,X,6.380,6.346,AA-,AA-,无担保,,,,szcy,,,123063,123063,0.8100,380021,370021,,N,N,68.990,buy,,,2.90,N,801074638.0,639330960.0,Y,5.95,18547.11,-2.62%,00,buy,buy,buy,15:14:03,123.19,12.02%,4.537,-2.01%,-2.93%,138.000,138.000,-1.43%,4104.60,Y,0,0,,-,,N,-,buy,-,26-07-27,150.02,6.28,3.38,16.7%,13.3%,"转债占流动市值比：16.7%
转债占总市值比：13.3%",0.00,300021,sz123063,有效期：-；质押代码：123063,123063；2021-02-03 开始转股,全价：138.000 最后更新：15:14:03
113615,金诚转债,sh603979,金诚信,C,12.65,2021-06-09,2021-06-29,2026-12-22,2024-12-23,,,100.000,y,39.96,30,30,0,0.00,,,10.03,112.000,n,130.000,15,30,0,,N,10.000,8.664,AA,AA,无担保,,,,shmb,2021年11月24日公告：本次（2021年11月4日至2021年11月24日）不行使提前赎回权利，至2022年5月24日均不提前赎回,,113615,113615,1.7320,753979,754979,,N,N,71.880,buy,,,2.55,N,593966469.0,593966469.0,Y,22.16,15511.66,0.05%,00,buy,buy,buy,14:59:58,175.18,12.04%,4.942,-10.10%,-10.62%,196.270,196.270,-0.86%,17213.38,Y,0,0,G,-,,N,-,buy,-,26-12-22,208.31,16.45,8.86,6.6%,6.6%,"转债占流动市值比：6.6%
转债占总市值比：6.6%",0.00,603979,sh113615,有效期：-；质押代码：113615,113615；2021-06-29 开始转股,全价：196.270 最后更新：14:59:58
123080,海波转债,sz300517,海波重科,C,11.58,2021-06-01,2021-06-08,2026-12-01,2024-12-02,,,100.000,y,59.43,30,30,0,0.00,,,10.48,120.000,n,130.000,15,30,0,,X,2.450,2.435,A+,A+,无担保,,,,szcy,,,123080,123080,2.2955,380517,370517,,N,N,77.246,buy,,,2.87,N,192182818.0,112564498.0,Y,13.64,2827.70,0.00%,00,buy,buy,buy,15:14:03,117.79,12.06%,4.885,-0.97%,-1.83%,132.000,132.000,0.38%,3391.90,Y,0,0,,-,,N,-,buy,-,26-12-01,144.06,15.05,8.11,15.9%,9.3%,"转债占流动市值比：15.9%
转债占总市值比：9.3%",0.00,300517,sz123080,有效期：-；质押代码：123080,123080；2021-06-08 开始转股,全价：132.000 最后更新：15:14:03
128075,远东转债,sz002406,远东传动,C,5.29,2021-07-13,2020-03-27,2025-09-23,2023-09-25,,,100.000,y,59.44,30,30,0,0.00,,,1.97,110.000,n,130.000,15,30,0,,X,8.940,5.438,AA,AA,无担保,,,,szmb,,,128075,128075,1.5930,082406,072406,,N,N,42.076,buy,,,1.15,N,624158139.0,496148542.0,Y,6.23,2992.71,0.16%,00,buy,buy,buy,15:14:03,117.77,12.43%,3.696,-3.97%,-4.62%,132.411,132.411,-1.00%,1429.21,Y,0,0,,-,,N,-,buy,-,25-09-23,144.84,6.88,3.70,17.6%,14.0%,"转债占流动市值比：17.6%
转债占总市值比：14.0%",0.00,002406,sz128075,有效期：-；质押代码：128075,128075；2020-03-27 开始转股,全价：132.411 最后更新：15:14:03
127029,中钢转债,sz000928,中钢国际,C,5.79,2021-09-24,2021-09-27,2027-03-18,2025-03-18,,,100.000,y,53.12,30,30,0,0.00,,,5.27,113.000,n,130.000,15,30,0,,N,9.600,8.195,AA+,AA+,无,,,,szmb,2021年10月26日公告：本次（2021年9月27日至10月26日）不行使提前赎回权利，至2022年4月25日前均不提前赎回,,127029,127029,0.7639,080928,070928,,N,N,20.710,buy,R,,1.61,N,1280919103.0,1280887903.0,Y,7.63,24640.30,-4.27%,00,buy,buy,buy,15:14:03,131.78,13.23%,5.178,-4.57%,-5.12%,149.210,149.210,-2.66%,6529.00,Y,0,0,G,-,,N,-,buy,-,27-03-18,162.44,7.53,4.05,8.4%,8.4%,"转债占流动市值比：8.4%
转债占总市值比：8.4%",0.00,000928,sz127029,有效期：-；质押代码：127029,127029；2021-09-27 开始转股,全价：149.210 最后更新：15:14:03
128107,交科转债,sz002061,浙江交科,C,5.24,2021-07-13,2020-10-28,2026-04-22,2024-04-22,,,100.000,y,62.17,30,30,0,0.00,,,1.83,110.000,n,130.000,15,30,0,,X,25.000,24.997,AA+,AA+,无担保,,,,szmb,,,128107,128107,1.8173,082061,072061,,N,N,83.390,buy,,,0.89,N,1375702619.0,1375702619.0,Y,5.90,13788.96,0.00%,00,buy,buy,buy,15:14:03,112.60,13.32%,4.274,-2.47%,-3.07%,127.595,127.595,-0.78%,5883.20,Y,0,0,,-,,N,-,buy,-,26-04-22,140.91,6.81,3.67,30.8%,30.8%,"转债占流动市值比：30.8%
转债占总市值比：30.8%",0.00,002061,sz128107,有效期：-；质押代码：128107,128107；2020-10-28 开始转股,全价：127.595 最后更新：15:14:03
128095,恩捷转债,sz002812,恩捷股份,C,64.92,2021-04-30,2020-08-17,2026-02-11,2024-02-12,,,100.000,y,18.04,30,30,0,0.00,,,10.18,110.000,n,130.000,15,30,30,,X,16.000,4.541,AA,AA,无担保,,,,szmb,,,128095,128095,1.9866,082812,072812,,N,N,77.840,buy,R,,17.48,N,892406822.0,742019714.0,Y,251.95,181007.63,0.41%,00,buy,buy,buy,15:14:03,388.09,13.37%,4.082,-28.39%,-28.79%,439.991,439.991,-0.32%,20617.73,Y,0,0,B,-,,N,-,buy,-,26-02-11,453.36,84.40,45.44,0.2%,0.2%,"转债占流动市值比：0.2%
转债占总市值比：0.2%",0.00,002812,sz128095,有效期：-；质押代码：128095,128095；2020-08-17 开始转股,全价：439.991 最后更新：15:14:03
128040,华通转债,sz002758,浙农股份,C,10.15,2021-06-07,2018-12-21,2024-06-13,2022-06-14,,,100.000,y,60.16,30,30,0,0.00,,,6.73,108.000,n,130.000,15,30,0,,X,2.240,2.222,AA,AA,出质人钱木水、沈剑巢、朱国良将其合法拥有的公司股票作为质押资产进行质押担保，钱木水、沈剑巢、朱国良为本次发行可转债提供连带责任保证,,,,szmb,,,128040,128040,1.0666,082758,072758,,N,N,29.770,buy,,,1.74,N,487993037.0,195027600.0,Y,11.81,3459.26,-1.34%,00,buy,buy,buy,15:14:03,116.35,13.42%,2.416,-6.92%,-7.70%,131.970,131.970,-0.67%,1988.02,Y,0,0,,-,,N,-,buy,-,24-06-13,145.39,13.20,7.11,9.6%,3.9%,"转债占流动市值比：9.6%
转债占总市值比：3.9%",0.00,002758,sz128040,有效期：-；质押代码：128040,128040；2018-12-21 开始转股,全价：131.970 最后更新：15:14:03
111000,起帆转债,sh605222,起帆电缆,C,20.10,2021-10-29,2021-11-29,2027-05-24,2025-05-23,,,100.000,y,55.28,30,30,0,0.00,,,4.75,115.000,n,130.000,15,30,1,,X,10.000,9.997,AA-,AA-,无,,,,shmb,,,111000,111000,,715222,713222,,N,N,35.980,buy,,,2.96,N,418213213.0,100016213.0,Y,25.45,14509.83,0.20%,00,buy,buy,buy,14:59:59,126.62,13.59%,5.362,-3.31%,-3.93%,143.830,143.830,-0.35%,6892.65,Y,0,0,,-,,N,-,buy,-,27-05-24,157.42,26.13,14.07,39.3%,9.4%,"转债占流动市值比：39.3%
转债占总市值比：9.4%",0.00,605222,sh111000,有效期：-；质押代码：111000,111000；2021-11-29 开始转股,全价：143.830 最后更新：14:59:59
113027,华钰转债,sh601020,ST华钰,C,10.17,,2019-12-20,2025-06-13,2023-06-14,,,100.000,y,59.18,30,30,0,0.00,,,15.48,110.000,n,130.000,15,30,0,,N,6.400,3.098,A,A,无担保,,,,shmb,2021年11月10日公告，本次（2021年10月19日至2021年11月9日）不行使提前赎回权利，至2022年4月18日均不提前赎回,,113027,113027,1.2160,764020,783020,,N,N,4.450,buy,,,2.49,N,555312548.0,555314020.0,Y,12.03,8300.61,-1.31%,00,buy,buy,buy,14:59:58,118.29,13.67%,3.416,-4.73%,-5.43%,134.460,134.460,-0.07%,6472.85,Y,0,0,G,-,,N,-,buy,-,25-06-13,148.13,13.22,7.12,4.6%,4.6%,"转债占流动市值比：4.6%
转债占总市值比：4.6%",0.00,601020,sh113027,有效期：-；质押代码：113027,113027；2019-12-20 开始转股,全价：134.460 最后更新：14:59:58
127011,中鼎转2,sz000887,中鼎股份,C,11.39,2021-06-07,2019-09-16,2025-03-08,2023-03-08,,,100.000,y,35.56,30,30,0,0.00,,,11.21,110.000,n,130.000,15,30,8,,X,12.000,11.987,AA+,AA+,无担保,,,,szmb,,,127011,127011,0.9829,080887,070887,,N,N,63.530,buy,R,,2.91,N,1220929912.0,1208772051.0,Y,22.42,74596.17,0.76%,00,buy,buy,buy,15:14:03,196.84,13.80%,3.151,-19.50%,-20.10%,224.000,224.000,2.19%,30014.76,Y,0,0,,-,,N,-,buy,-,25-03-08,237.80,14.81,7.97,4.4%,4.4%,"转债占流动市值比：4.4%
转债占总市值比：4.4%",0.00,000887,sz127011,有效期：-；质押代码：127011,127011；2019-09-16 开始转股,全价：224.000 最后更新：15:14:03
110077,洪城转债,sh600461,洪城环境,C,6.71,2021-07-09,2021-05-26,2026-11-19,2024-11-19,,,100.000,y,55.65,30,30,0,0.00,,,0.61,110.000,n,130.000,15,30,1,,X,18.000,17.678,AA+,AA+,无担保,,,,shmb,,,110077,110077,1.8980,704461,733461,,N,N,81.140,buy,,,1.41,N,952834715.0,915365970.0,Y,8.44,5913.26,-1.97%,00,buy,buy,buy,14:59:11,125.78,13.90%,4.852,-4.77%,-5.23%,143.270,143.270,0.14%,1551.35,Y,0,0,,-,,N,-,buy,-,26-11-19,157.17,8.72,4.70,22.9%,22.0%,"转债占流动市值比：22.9%
转债占总市值比：22.0%",0.00,600461,sh110077,有效期：-；质押代码：110077,110077；2021-05-26 开始转股,全价：143.270 最后更新：14:59:11
128121,宏川转债,sz002930,宏川智慧,C,19.89,2021-10-11,2021-01-25,2026-07-16,2024-07-16,,,100.000,y,61.44,30,30,0,0.00,,,4.07,108.000,n,130.000,15,30,9,,X,6.700,6.699,AA-,AA-,无担保,,,,szmb,,,128121,128121,1.5099,082930,072930,,N,N,77.700,buy,,,4.46,N,446826731.0,424324536.0,Y,22.66,5136.95,-2.45%,00,buy,buy,buy,15:14:03,113.93,13.93%,4.507,-3.11%,-3.60%,129.800,129.800,-1.72%,3573.88,Y,0,0,,-,,N,-,buy,-,26-07-16,143.73,25.86,13.92,7.0%,6.6%,"转债占流动市值比：7.0%
转债占总市值比：6.6%",0.00,002930,sz128121,有效期：-；质押代码：128121,128121；2021-01-25 开始转股,全价：129.800 最后更新：15:14:03
113570,百达转债,sh603331,百达精工,C,11.34,2021-06-30,2020-09-17,2026-03-10,2024-03-11,,,100.000,y,60.32,30,30,0,0.00,,,8.55,110.000,n,130.000,15,30,1,,X,2.800,2.799,A+,A+,股份质押的担保,,,,shmb,,,113570,113570,2.1800,753331,754331,,N,N,46.370,buy,,,2.69,N,178159917.0,175419917.0,Y,13.16,3186.61,0.69%,00,buy,buy,buy,14:59:40,116.05,13.99%,4.156,-3.40%,-4.01%,132.280,132.280,0.53%,3174.67,Y,0,0,,-,,N,-,buy,-,26-03-10,146.27,14.74,7.94,12.1%,11.9%,"转债占流动市值比：12.1%
转债占总市值比：11.9%",0.00,603331,sh113570,有效期：-；质押代码：113570,113570；2020-09-17 开始转股,全价：132.280 最后更新：14:59:40
113504,艾华转债,sh603989,艾华集团,C,20.81,2021-06-24,2018-09-08,2024-03-02,2022-03-02,,,100.000,y,40.75,30,30,0,0.00,,,1.16,106.000,n,130.000,15,30,0,,N,6.910,4.628,AA,AA,无担保,,,,shmb,2022年1月7日公告：本次（2021年12月17日至2022年1月7日）不提前赎回，至2022年4月7日均不提前赎回,,113504,113504,2.3030,753989,754989,,N,N,82.470,buy,R,,4.86,N,400813533.0,400813533.0,Y,35.75,5222.84,-3.53%,00,buy,buy,buy,14:59:42,171.79,14.02%,2.134,-24.27%,-24.82%,195.880,195.880,-2.03%,1061.47,Y,1,1,G,-,,N,-,buy,-,24-03-02,209.90,27.05,14.57,3.2%,3.2%,"转债占流动市值比：3.2%
转债占总市值比：3.2%",0.00,603989,sh113504,有效期：-；质押代码：113504,113504；2018-09-08 开始转股,全价：195.880 最后更新：14:59:42
113545,金能转债,sh603113,金能科技,C,10.43,2021-05-31,2020-04-20,2025-10-13,2023-10-13,,,100.000,y,46.03,30,30,0,0.00,,,2.39,110.000,n,130.000,15,30,0,,N,15.000,9.867,AA,AA,无担保,,,,shmb,2021年12月23日公告：本次（2021年12月3日至2021年12月23日）不提前赎回，至2022年3月22日均不提前赎回,,113545,113545,2.2190,753113,754113,,N,N,47.100,buy,R,,1.52,N,855071934.0,723665890.0,Y,15.86,16309.47,-1.37%,00,buy,buy,buy,14:59:46,152.06,14.09%,3.751,-10.69%,-11.27%,173.490,173.490,-2.13%,4164.38,Y,0,0,G,-,,N,-,buy,-,25-10-13,187.58,13.56,7.30,8.6%,7.3%,"转债占流动市值比：8.6%
转债占总市值比：7.3%",0.00,603113,sh113545,有效期：-；质押代码：113545,113545；2020-04-20 开始转股,全价：173.490 最后更新：14:59:46
110066,盛屯转债,sh600711,盛屯矿业,C,4.87,2021-07-14,2020-09-07,2026-03-02,2024-03-01,,,100.000,y,31.92,30,30,0,0.00,,,16.60,110.000,n,130.000,15,30,0,,N,23.860,3.834,AA,AA,无担保,,,,shmb,2021年12月25日公告：本次（2021年12月6日至2021年12月24日）不提前赎回，至2022年1月24日均不提前赎回,,110066,110066,1.0330,704711,733711,,N,N,33.540,buy,R,,2.36,N,2747143184.0,2605882223.0,Y,10.68,60381.96,-2.55%,00,buy,buy,buy,15:00:00,219.30,14.24%,4.134,-17.46%,-17.94%,250.540,250.540,-0.68%,16063.20,Y,0,0,G,-,,N,-,buy,-,26-03-02,264.78,6.33,3.41,1.4%,1.3%,"转债占流动市值比：1.4%
转债占总市值比：1.3%",0.00,600711,sh110066,有效期：-；质押代码：110066,110066；2020-09-07 开始转股,全价：250.540 最后更新：15:00:00
123071,天能转债,sz300569,天能重工,C,7.91,2021-08-02,2021-04-27,2026-10-20,2024-10-21,,,100.000,y,43.77,30,30,0,0.00,,,5.75,115.000,n,130.000,15,30,0,,N,7.000,6.943,AA-,AA-,无担保,,,,szcy,2021年10月15日公告：本次（2021年9月15日至2021年10月14日）不提前赎回，至2022年10月14日均不提前赎回,,123071,123071,1.7863,380569,370569,,N,N,70.512,buy,,,2.78,N,797386255.0,571997143.0,Y,12.65,13205.16,-3.73%,00,buy,buy,buy,15:14:03,159.92,14.39%,4.770,-8.49%,-9.14%,182.930,182.930,-3.32%,7427.96,Y,1,1,G,-,,N,-,buy,-,26-10-20,197.32,10.28,5.54,9.6%,6.9%,"转债占流动市值比：9.6%
转债占总市值比：6.9%",0.00,300569,sz123071,有效期：-；质押代码：123071,123071；2021-04-27 开始转股,全价：182.930 最后更新：15:14:03
128096,奥瑞转债,sz002701,奥瑞金,C,4.50,2021-06-09,2020-08-17,2026-02-11,2024-02-12,,,100.000,y,48.46,30,30,0,0.00,,,2.87,110.000,n,130.000,15,30,8,,X,10.870,5.665,AA+,AA+,无担保,,,,szmb,,,128096,128096,0.4614,082701,072701,,N,N,58.210,buy,R,,2.16,N,2447652008.0,2445438132.0,Y,6.50,14198.71,-0.91%,00,buy,buy,buy,15:14:03,144.44,14.39%,4.082,-8.58%,-9.16%,165.230,165.230,-1.72%,2711.49,Y,0,0,,-,,N,-,buy,-,26-02-11,179.62,5.85,3.15,3.6%,3.6%,"转债占流动市值比：3.6%
转债占总市值比：3.6%",0.00,002701,sz128096,有效期：-；质押代码：128096,128096；2020-08-17 开始转股,全价：165.230 最后更新：15:14:03
123084,高澜转债,sz300499,高澜股份,C,9.01,2021-09-22,2021-06-16,2026-12-09,2024-12-09,,,100.000,y,45.11,30,30,0,0.00,,,23.64,115.000,n,130.000,15,30,8,,X,2.800,2.544,A+,A+,无担保,,,,szcy,,,123084,123084,1.0061,380499,370499,,N,N,67.220,buy,,,4.16,N,280804041.0,241690999.0,Y,13.98,14902.19,-3.65%,00,buy,buy,buy,15:14:03,155.16,14.40%,4.907,-7.59%,-8.25%,177.500,177.500,-3.79%,10881.75,Y,1,1,,-,,N,-,buy,-,26-12-09,191.90,11.71,6.31,7.5%,6.5%,"转债占流动市值比：7.5%
转债占总市值比：6.5%",0.00,300499,sz123084,有效期：-；质押代码：123084,123084；2021-06-16 开始转股,全价：177.500 最后更新：15:14:03
113568,新春转债,sh603667,五洲新春,C,8.75,2021-06-15,2020-09-14,2026-03-05,2024-03-05,,,100.000,y,41.22,30,30,0,0.00,,,12.52,118.000,n,130.000,15,30,0,,N,3.300,2.436,AA-,AA-,无担保,,,,shmb,2021年8月10日公告：本次（2021年7月12日至2021年8月10日）不行使提前赎回权利，至2022年2月10日均不提前赎回,,113568,113568,1.1600,753667,754667,,N,N,15.920,buy,,,2.33,N,301173285.0,265065997.0,Y,14.86,13191.51,-6.25%,00,buy,buy,buy,14:59:53,169.83,14.47%,4.142,-10.45%,-11.29%,194.400,194.400,-5.59%,6075.26,Y,0,0,G,-,,N,-,buy,-,26-03-05,208.87,11.38,6.12,6.2%,5.4%,"转债占流动市值比：6.2%
转债占总市值比：5.4%",0.00,603667,sh113568,有效期：-；质押代码：113568,113568；2020-09-14 开始转股,全价：194.400 最后更新：14:59:53
128145,日丰转债,sz002953,日丰股份,C,13.66,2021-06-02,2021-09-27,2027-03-21,2025-03-21,,,100.000,y,55.24,30,30,0,0.00,,,8.65,110.000,n,130.000,30,30,0,,X,3.800,3.797,AA-,AA-,股份质押的担保方式,,,,szmb,,,128145,128145,2.1854,082953,072953,,N,N,79.780,buy,,,3.39,N,243382760.0,74669185.0,Y,17.31,4604.15,0.00%,00,buy,buy,buy,15:14:03,126.72,14.58%,5.186,-4.41%,-4.90%,145.200,145.200,0.57%,4765.22,Y,0,0,,-,,N,-,buy,-,27-03-21,159.78,17.76,9.56,29.4%,9.0%,"转债占流动市值比：29.4%
转债占总市值比：9.0%",0.00,002953,sz128145,有效期：-；质押代码：128145,128145；2021-09-27 开始转股,全价：145.200 最后更新：15:14:03
128048,张行转债,sz002839,张家港行,C,5.60,2021-07-08,2019-05-16,2024-11-12,,,,,y,,15,30,0,0.00,,,1.97,109.000,n,130.000,15,30,0,,X,25.000,24.975,AA+,AA+,无担保,,,,szmb,,,128048,128048,1.3831,082839,072839,,N,N,28.880,buy,R,,0.81,N,1807959258.0,1521751142.0,Y,6.24,23353.95,0.97%,00,buy,buy,buy,15:14:03,111.43,14.70%,2.833,-4.53%,-5.27%,127.811,127.811,-0.26%,6320.47,Y,0,0,,-,,N,-,buy,-,24-11-12,142.51,7.28,-,26.3%,22.1%,"转债占流动市值比：26.3%
转债占总市值比：22.1%",0.00,002839,sz128048,有效期：-；质押代码：128048,128048；2019-05-16 开始转股,全价：127.811 最后更新：15:14:03
123109,昌红转债,sz300151,昌红科技,C,28.06,2021-06-02,2021-10-08,2027-03-31,2025-03-31,,,100.000,y,55.35,30,30,0,0.00,,,2.57,115.000,n,130.000,15,30,0,,N,4.600,4.596,AA-,AA-,无,,,,szcy,2021年11月30日公告：本次（2021年11月1日至2021年11月29日）不行使提前赎回权利，至2022年5月27日均不提前赎回,,123109,123109,0.9263,380151,370151,,N,N,29.800,buy,,,15.89,N,502506221.0,315770871.0,Y,35.49,19545.66,-3.03%,00,buy,buy,buy,15:14:03,126.48,14.72%,5.214,-3.49%,-4.14%,145.100,145.100,-0.39%,1706.51,Y,0,0,G,-,,N,-,buy,-,27-03-31,159.82,36.48,19.64,4.1%,2.6%,"转债占流动市值比：4.1%
转债占总市值比：2.6%",0.00,300151,sz123109,有效期：-；质押代码：123109,123109；2021-10-08 开始转股,全价：145.100 最后更新：15:14:03
127028,英特转债,sz000411,英特集团,C,13.22,2021-12-24,2021-07-12,2027-01-04,2025-01-06,,,100.000,y,62.65,30,30,0,0.00,,,8.21,108.000,n,130.000,15,30,0,,X,6.000,5.989,AA+,AA+,无担保,,,,szmb,,,127028,127028,2.4102,080411,070411,,N,N,52.150,buy,,,2.00,N,255376150.0,207422211.0,Y,14.77,11941.80,-3.40%,00,buy,buy,buy,15:14:03,111.72,14.73%,4.978,-2.58%,-3.02%,128.180,128.180,-1.25%,6338.13,Y,1,1,,-,,N,-,buy,-,27-01-04,142.91,17.19,9.25,19.5%,15.9%,"转债占流动市值比：19.5%
转债占总市值比：15.9%",0.00,000411,sz127028,有效期：-；质押代码：127028,127028；2021-07-12 开始转股,全价：128.180 最后更新：15:14:03
123022,长信转债,sz300088,长信科技,C,6.05,2021-06-17,2019-09-23,2025-03-18,2023-03-18,,,100.000,y,37.95,30,30,0,0.00,,,74.51,110.000,n,130.000,15,30,15,,X,12.300,2.564,AA,AA,无担保,,,,szcy,,,123022,123022,0.5350,380088,370088,,N,N,42.700,buy,R,,3.61,N,2454887088.0,2442659856.0,Y,11.16,106317.16,-1.24%,00,buy,buy,buy,15:14:03,184.46,14.78%,3.178,-17.92%,-18.53%,211.730,211.730,-3.01%,42011.11,Y,0,0,B,-,,N,-,buy,-,25-03-18,226.51,7.87,4.24,0.9%,0.9%,"转债占流动市值比：0.9%
转债占总市值比：0.9%",0.00,300088,sz123022,有效期：-；质押代码：123022,123022；2019-09-23 开始转股,全价：211.730 最后更新：15:14:03
123035,利德转债,sz300296,利亚德,C,6.96,2021-05-24,2020-05-20,2025-11-13,2023-11-13,,,100.000,y,47.81,30,30,0,0.00,,,3.18,110.000,n,130.000,15,30,0,,N,8.000,7.988,AA+,AA+,无担保,,,,szcy,2021年8月6日公告：本次（自2021年7月19日至2021年8月6日）不行使提前赎回的权利，至2022年2月6日均不提前赎回,,123035,123035,0.3174,380296,370296,,N,N,53.270,buy,R,,3.37,N,2542901478.0,1988702066.0,Y,10.19,49954.19,-1.45%,00,buy,buy,buy,15:14:03,146.41,15.42%,3.836,-9.84%,-10.41%,168.979,168.979,-1.70%,4335.56,Y,0,0,G,-,,N,-,buy,-,25-11-13,184.40,9.05,4.87,3.9%,3.1%,"转债占流动市值比：3.9%
转债占总市值比：3.1%",0.00,300296,sz123035,有效期：-；质押代码：123035,123035；2020-05-20 开始转股,全价：168.979 最后更新：15:14:03
113527,维格转债,sh603518,锦泓集团,C,9.85,2020-08-05,2019-07-30,2025-01-23,2023-01-23,,,100.000,y,56.19,30,30,0,0.00,,,40.64,115.000,n,130.000,15,30,1,,X,7.460,2.864,AA,AA,无担保,,,,shmb,,,113527,113527,4.1310,753518,754518,,N,N,4.910,buy,,,1.47,N,296628771.0,296628771.0,Y,12.27,10400.58,-0.97%,00,buy,buy,buy,14:59:57,124.57,15.48%,3.030,-6.06%,-7.08%,143.850,143.850,0.25%,16878.52,Y,1,1,,-,,N,-,buy,-,25-01-23,159.33,12.80,6.89,7.9%,7.9%,"转债占流动市值比：7.9%
转债占总市值比：7.9%",0.00,603518,sh113527,有效期：-；质押代码：113527,113527；2019-07-30 开始转股,全价：143.850 最后更新：14:59:57
128087,孚日转债,sz002083,孚日股份,C,4.50,2021-04-28,2020-06-23,2025-12-17,2023-12-18,,,100.000,y,64.68,30,30,0,0.00,,,4.10,108.000,n,130.000,15,30,0,,X,6.500,6.497,AA-,AA-,无担保,,,,szmb,,,128087,128087,0.7403,082083,072083,,N,N,47.200,buy,,,1.18,N,908045977.0,905433276.0,Y,4.87,11077.62,-1.42%,00,buy,buy,buy,15:14:03,108.22,15.68%,3.929,-2.77%,-3.32%,125.193,125.193,-1.42%,3385.29,Y,1,1,,-,,N,-,buy,-,25-12-17,140.87,5.85,3.15,14.7%,14.7%,"转债占流动市值比：14.7%
转债占总市值比：14.7%",0.00,002083,sz128087,有效期：-；质押代码：128087,128087；2020-06-23 开始转股,全价：125.193 最后更新：15:14:03
128044,岭南转债,sz002717,岭南股份,C,3.43,2021-12-01,2019-02-20,2024-08-14,2022-08-14,,,100.000,y,64.72,30,30,0,0.00,,,8.74,107.000,n,130.000,15,30,0,,X,6.600,6.589,AA-,AA-,无担保,,,,szmb,,,128044,128044,0.6542,082717,072717,,N,N,40.500,buy,,,1.29,N,1684418292.0,1125742527.0,Y,3.71,28319.27,-1.85%,00,buy,buy,buy,15:14:03,108.16,15.83%,2.586,-4.88%,-5.57%,125.288,125.288,-1.47%,7296.26,Y,2,2,,-,,N,-,buy,-,24-08-14,141.12,4.46,2.40,15.8%,10.5%,"转债占流动市值比：15.8%
转债占总市值比：10.5%",0.00,002717,sz128044,有效期：-；质押代码：128044,128044；2019-02-20 开始转股,全价：125.288 最后更新：15:14:03
113599,嘉友转债,sh603871,嘉友国际,C,18.32,2021-06-15,2021-02-18,2026-08-04,2024-08-04,,,100.000,y,56.69,30,30,0,0.00,,,5.34,120.000,n,130.000,15,30,0,,X,7.200,7.198,AA-,AA-,无担保,,,,shmb,,,113599,113599,3.2790,753871,754871,,N,N,90.430,buy,,,3.27,N,316960704.0,285385258.0,Y,22.62,3119.39,-0.26%,00,buy,buy,buy,14:59:54,123.47,15.96%,4.559,-2.88%,-3.77%,143.180,143.180,0.06%,5473.39,Y,0,0,,-,,N,-,buy,-,26-08-04,159.14,23.82,12.82,11.2%,10.0%,"转债占流动市值比：11.2%
转债占总市值比：10.0%",0.00,603871,sh113599,有效期：-；质押代码：113599,113599；2021-02-18 开始转股,全价：143.180 最后更新：14:59:54
113550,常汽转债,sh603035,常熟汽饰,C,9.33,2021-05-28,2020-05-22,2025-11-17,2023-11-17,,,100.000,y,32.66,30,30,0,0.00,,,222.94,115.000,n,130.000,15,30,0,,N,9.924,2.147,AA-,AA-,无担保,,,,shmb,2021年12月3日公告：本次（2021年11月12日至2021年12月2日）不行使提前赎回权利，至2022年3月2日）均不提前赎回,,113550,113550,3.5440,753035,754035,,N,N,49.290,buy,,,1.82,N,360749112.0,360749112.0,Y,20.00,50143.53,1.42%,00,buy,buy,buy,14:59:59,214.36,16.04%,3.847,-17.45%,-18.15%,248.750,248.750,4.01%,118474.81,Y,0,0,G,-,,N,-,buy,-,25-11-17,264.79,12.13,6.53,3.0%,3.0%,"转债占流动市值比：3.0%
转债占总市值比：3.0%",0.00,603035,sh113550,有效期：-；质押代码：113550,113550；2020-05-22 开始转股,全价：248.750 最后更新：14:59:59
123100,朗科转债,sz300543,朗科智能,C,11.61,2021-05-26,2021-08-23,2027-02-08,2025-02-10,,,100.000,y,59.71,30,30,0,0.00,,,2.92,112.000,n,130.000,15,30,6,,X,3.800,3.799,AA-,AA-,无,,,,szcy,,,123100,123100,1.8421,380543,380543,,N,N,12.940,buy,,,3.49,N,268174890.0,199696919.0,Y,13.61,6265.20,-2.09%,00,buy,buy,buy,15:14:03,117.23,16.10%,5.074,-2.91%,-3.49%,136.101,136.101,-1.73%,1526.48,Y,0,0,,-,,N,-,buy,-,27-02-08,152.20,15.09,8.13,14.0%,10.4%,"转债占流动市值比：14.0%
转债占总市值比：10.4%",0.00,300543,sz123100,有效期：-；质押代码：123100,123100；2021-08-23 开始转股,全价：136.101 最后更新：15:14:03
113017,吉视转债,sh601929,吉视传媒,C,2.23,2021-12-08,2018-07-03,2023-12-27,2021-12-27,,,100.000,y,66.14,30,30,0,0.00,,,8.41,106.000,n,130.000,15,30,0,,X,15.600,15.589,AA+,AA+,无担保,,,,shmb,,,113017,113017,0.5010,764929,783929,,N,N,3.800,buy,R,,1.05,N,3111176649.0,3111176649.0,Y,2.36,29556.76,-4.45%,00,buy,buy,buy,14:59:59,105.83,16.16%,1.953,-6.68%,-7.35%,122.930,122.930,-1.58%,16281.64,Y,1,1,,-,,N,-,buy,-,23-12-27,139.09,2.90,1.56,21.2%,21.2%,"转债占流动市值比：21.2%
转债占总市值比：21.2%",0.00,601929,sh113017,有效期：-；质押代码：113017,113017；2018-07-03 开始转股,全价：122.930 最后更新：14:59:59
113577,春秋转债,sh603890,春秋电子,C,10.85,2021-09-03,2020-10-20,2026-04-13,2024-04-15,,,100.000,y,55.72,30,30,0,0.00,,,26.44,112.000,n,130.000,15,30,0,,X,2.400,1.778,AA-,AA-,股份质押担保和保证,,,,shmb,,,113577,113577,0.8750,753890,754890,,N,N,71.240,buy,R,,2.38,N,439175264.0,387107945.0,Y,13.63,15447.18,3.10%,00,buy,buy,buy,14:59:58,125.62,16.21%,4.249,-5.05%,-5.72%,145.990,145.990,1.74%,6899.80,Y,0,0,,-,,N,-,buy,-,26-04-13,162.20,14.11,7.59,3.4%,3.0%,"转债占流动市值比：3.4%
转债占总市值比：3.0%",0.00,603890,sh113577,有效期：-；质押代码：113577,113577；2020-10-20 开始转股,全价：145.990 最后更新：14:59:58
123070,鹏辉转债,sz300438,鹏辉能源,C,20.08,2021-08-17,2021-04-26,2026-10-19,2024-10-21,,,100.000,y,34.99,30,30,0,0.00,,,42.57,110.000,n,130.000,20,30,8,,X,8.900,5.988,AA,AA,无担保,,,,szcy,,,123070,123070,2.1380,380438,370438,,N,N,72.570,buy,,,6.57,N,433497356.0,329639518.0,Y,40.17,51719.78,-2.64%,00,buy,buy,buy,15:14:03,200.05,16.39%,4.767,-13.98%,-14.42%,232.830,232.830,-2.65%,60690.59,Y,0,0,,-,,N,-,buy,-,26-10-19,249.22,26.10,14.06,4.5%,3.4%,"转债占流动市值比：4.5%
转债占总市值比：3.4%",0.00,300438,sz123070,有效期：-；质押代码：123070,123070；2021-04-26 开始转股,全价：232.830 最后更新：15:14:03
123045,雷迪转债,sz300652,雷迪克,C,19.63,2021-07-01,2020-09-18,2026-03-11,2024-03-11,,,100.000,y,59.72,30,30,0,0.00,,,20.04,113.000,n,130.000,15,30,0,,X,2.880,1.660,A+,A+,无担保,,,,szcy,,,123045,123045,3.2784,380652,370652,,N,N,44.120,buy,,,2.22,N,94082005.0,83507961.0,Y,23.01,4088.58,-1.62%,00,buy,buy,buy,15:14:03,117.22,16.45%,4.159,-3.34%,-4.09%,136.500,136.500,-0.84%,4550.23,Y,0,0,,-,,N,-,buy,-,26-03-11,152.95,25.52,13.74,8.6%,7.7%,"转债占流动市值比：8.6%
转债占总市值比：7.7%",0.00,300652,sz123045,有效期：-；质押代码：123045,123045；2020-09-18 开始转股,全价：136.500 最后更新：15:14:03
123060,苏试转债,sz300416,苏试试验,C,19.05,2022-01-11,2021-01-27,2026-07-20,2024-07-22,,,100.000,y,41.89,30,30,0,0.00,,,6.93,112.000,n,130.000,15,30,0,,N,3.100,3.097,AA-,AA-,无担保,,,,szcy,2021年11月5日公告：本次（2021年10月18日至2021年11月5日）不行使提前赎回权利，至2022年5月5日均不提前赎回,,123060,123060,1.5243,380416,370416,,N,N,75.120,buy,,,8.46,N,284582225.0,261781906.0,Y,31.83,11538.30,-2.45%,00,buy,buy,buy,15:14:03,167.09,16.47%,4.518,-10.80%,-11.36%,194.601,194.601,-3.24%,4260.06,Y,0,0,G,-,,N,-,buy,-,26-07-20,211.07,24.77,13.34,3.7%,3.4%,"转债占流动市值比：3.7%
转债占总市值比：3.4%",0.00,300416,sz123060,有效期：-；质押代码：123060,123060；2021-01-27 开始转股,全价：194.601 最后更新：15:14:03
118000,嘉元转债,sh688388,嘉元科技,C,78.74,2021-05-06,2021-09-01,2027-02-22,2025-02-24,,,100.000,y,42.35,30,30,0,0.00,,,21.02,115.000,n,130.000,15,30,13,,X,12.400,9.789,AA-,AA-,无,,,,shkc,,,118000,118000,5.3700,726388,718388,,N,N,70.922,buy,R,,9.57,N,234191983.0,170867583.0,Y,130.14,96057.16,2.32%,00,buy,buy,buy,14:59:59,165.28,16.69%,5.112,-8.87%,-9.48%,192.870,192.870,2.03%,39740.15,Y,0,0,,-,,N,-,buy,-,27-02-22,209.56,102.36,55.12,4.4%,3.2%,"转债占流动市值比：4.4%
转债占总市值比：3.2%",0.00,688388,sh118000,有效期：-；质押代码：118000,118000；2021-09-01 开始转股,全价：192.870 最后更新：14:59:59
113579,健友转债,sh603707,健友股份,C,32.20,2021-07-15,2020-10-29,2026-04-22,2024-04-22,,,100.000,y,59.11,30,30,0,0.00,,,1.60,109.000,n,130.000,15,30,2,,X,5.030,5.023,AA,AA,无担保,,,,shmb,,,113579,113579,0.7000,753707,754707,,N,N,89.020,buy,R,,10.66,N,1243600220.0,1240854555.0,Y,38.13,15419.98,0.53%,00,buy,buy,buy,14:58:53,118.42,16.77%,4.274,-4.52%,-5.07%,138.280,138.280,-0.20%,1115.83,Y,0,0,,-,,N,-,buy,-,26-04-22,155.05,41.86,22.54,1.1%,1.1%,"转债占流动市值比：1.1%
转债占总市值比：1.1%",0.00,603707,sh113579,有效期：-；质押代码：113579,113579；2020-10-29 开始转股,全价：138.280 最后更新：14:58:53
127003,海印转债,sz000861,海印股份,C,2.99,2021-07-21,2016-12-16,2022-06-08,2020-06-08,,,100.000,y,67.95,30,30,0,0.38,2022-01-14,2022-01-14,3.49,110.000,n,130.000,15,30,0,,X,11.110,6.736,AA,AA,广州海印实业集团有限公司责任人担保,,,,szmb,,,127003,127003,0.4938,080861,070861,4,N,N,,buy,R,,1.89,N,2325574211.0,2184526848.0,Y,3.08,12867.12,-0.96%,00,buy,buy,buy,15:14:03,103.01,16.88%,0.400,-21.59%,-25.75%,120.400,120.400,-0.53%,2842.73,Y,2,2,,-,,N,-,buy,-,22-06-08,137.28,3.89,2.09,10.0%,9.4%,"转债占流动市值比：10.0%
转债占总市值比：9.4%",0.00,000861,sz127003,有效期：2022-01-14 到 2022-01-14；质押代码：127003,127003；2016-12-16 开始转股,全价：120.400 最后更新：15:14:03
113600,新星转债,sh603978,深圳新星,C,23.85,,2021-02-19,2026-08-12,2024-08-12,,,100.000,y,59.86,30,30,0,0.00,,,5.42,120.000,n,130.000,15,30,0,,N,5.950,4.533,AA-,AA-,股份质押担保,,,,shmb,2021年11月6日公告：本次（2021年10月8日至2021年11月5日）不行使提前赎回权利，至2022年2月6日均不提前赎回,,113600,113600,3.7180,753978,754978,,N,N,75.984,buy,,,2.77,N,165939476.0,165939476.0,Y,27.89,5831.35,-0.82%,00,buy,buy,buy,14:59:55,116.94,16.92%,4.581,-1.87%,-2.77%,136.730,136.730,-0.69%,3382.43,Y,0,0,G,-,,N,-,buy,-,26-08-12,153.65,31.00,16.70,9.8%,9.8%,"转债占流动市值比：9.8%
转债占总市值比：9.8%",0.00,603978,sh113600,有效期：-；质押代码：113600,113600；2021-02-19 开始转股,全价：136.730 最后更新：14:59:55
128076,金轮转债,sz002722,金轮股份,C,14.66,2021-05-31,2020-04-20,2025-10-14,2023-10-13,,,100.000,y,60.76,30,30,0,0.00,,,13.14,110.000,n,130.000,15,30,0,,X,2.140,2.138,AA-,AA-,无担保,,,,szmb,,,128076,128076,1.2196,082722,072722,,N,N,37.890,buy,,,1.48,N,175478558.0,175462283.0,Y,16.89,5339.27,-0.35%,00,buy,buy,buy,15:14:03,115.21,16.94%,3.753,-4.36%,-5.00%,134.730,134.730,-0.20%,3790.32,Y,0,0,,-,,N,-,buy,-,25-10-14,151.67,19.06,10.26,7.2%,7.2%,"转债占流动市值比：7.2%
转债占总市值比：7.2%",0.00,002722,sz128076,有效期：-；质押代码：128076,128076；2020-04-20 开始转股,全价：134.730 最后更新：15:14:03
128097,奥佳转债,sz002614,奥佳华,C,10.39,2021-04-30,2020-09-02,2026-02-25,2024-02-26,,,100.000,y,54.36,30,30,0,0.00,,,5.09,110.000,n,130.000,15,30,1,,X,12.000,4.586,AA-,AA-,无担保,,,,szmb,,,128097,128097,2.1380,082614,072614,,N,N,75.270,buy,,,1.76,N,630693012.0,448080169.0,Y,13.38,14534.08,2.45%,00,buy,buy,buy,15:14:03,128.78,16.94%,4.121,-6.48%,-7.06%,150.590,150.590,1.00%,3508.53,Y,0,0,,-,,N,-,buy,-,26-02-25,167.53,13.51,7.27,7.6%,5.4%,"转债占流动市值比：7.6%
转债占总市值比：5.4%",0.00,002614,sz128097,有效期：-；质押代码：128097,128097；2020-09-02 开始转股,全价：150.590 最后更新：15:14:03
110057,现代转债,sh600420,国药现代,C,9.79,2021-06-25,2019-10-08,2025-03-31,2023-04-01,,,100.000,y,66.21,30,30,0,0.82,2022-01-14,2022-01-14,1.88,106.000,n,130.000,15,30,0,,X,16.160,16.157,AAA,AAA,无担保,,,,shmb,,,110057,110057,1.5290,704420,733420,,N,N,32.790,buy,,,1.23,N,1026964555.0,1026964555.0,Y,10.35,9803.90,-1.33%,00,buy,buy,buy,14:59:40,105.72,16.98%,3.214,-3.57%,-4.13%,123.670,123.670,-0.27%,3781.31,Y,0,0,,-,,N,-,buy,-,25-03-31,140.65,12.73,6.85,15.2%,15.2%,"转债占流动市值比：15.2%
转债占总市值比：15.2%",0.00,600420,sh110057,有效期：2022-01-14 到 2022-01-14；质押代码：110057,110057；2019-10-08 开始转股,全价：123.670 最后更新：14:59:40
127020,中金转债,sz000060,中金岭南,C,4.63,2021-06-18,2021-01-25,2026-07-19,2024-07-22,,,100.000,y,64.18,30,30,0,0.00,,,1.56,110.000,n,130.000,15,30,0,,X,38.000,34.279,AA+,AA+,无担保,,,,szmb,,,127020,127020,1.0645,080060,070060,,N,N,55.990,buy,R,,1.40,N,3650034613.0,3648835938.0,Y,5.05,43933.97,-0.20%,00,buy,buy,buy,15:14:03,109.07,17.08%,4.515,-2.61%,-3.13%,127.700,127.700,0.17%,6905.79,Y,0,0,,-,,N,-,buy,-,26-07-19,144.78,6.02,3.24,18.6%,18.6%,"转债占流动市值比：18.6%
转债占总市值比：18.6%",0.00,000060,sz127020,有效期：-；质押代码：127020,127020；2021-01-25 开始转股,全价：127.700 最后更新：15:14:03
128141,旺能转债,sz002034,旺能环境,C,15.97,2021-05-31,2021-06-23,2026-12-16,2024-12-16,,,100.000,y,57.89,30,30,0,0.00,,,3.32,110.000,n,130.000,15,30,0,,X,14.000,12.702,AA,AA,无担保,,,,szmb,,,128141,128141,3.3225,082034,072034,,N,N,69.760,buy,,,1.60,N,429491129.0,426240243.0,Y,19.31,17975.84,-2.23%,00,buy,buy,buy,15:14:03,120.91,17.11%,4.926,-4.24%,-4.74%,141.605,141.605,-0.94%,5973.12,Y,0,0,,-,,N,-,buy,-,26-12-16,158.71,20.76,11.18,15.4%,15.3%,"转债占流动市值比：15.4%
转债占总市值比：15.3%",0.00,002034,sz128141,有效期：-；质押代码：128141,128141；2021-06-23 开始转股,全价：141.605 最后更新：15:14:03
110043,无锡转债,sh600908,无锡银行,C,5.61,2021-07-06,2018-08-05,2024-01-30,,,,,y,,15,30,0,0.00,,,0.91,106.000,n,130.000,15,30,0,,X,30.000,29.214,AA+,AA+,无担保,,,,shmb,,,110043,110043,1.6230,704908,733908,,N,N,37.110,buy,,,0.72,N,1861675522.0,1763699985.0,Y,6.00,21377.01,0.50%,00,buy,buy,buy,14:59:30,106.95,17.22%,2.047,-7.00%,-7.68%,125.370,125.370,-0.57%,3376.93,Y,2,2,,-,,N,-,buy,-,24-01-30,142.59,7.29,-,27.6%,26.2%,"转债占流动市值比：27.6%
转债占总市值比：26.2%",0.00,600908,sh110043,有效期：-；质押代码：110043,110043；2018-08-05 开始转股,全价：125.370 最后更新：14:59:30
113565,宏辉转债,sh603336,宏辉果蔬,C,7.64,2021-05-17,2020-09-03,2026-02-25,2024-02-26,,,100.000,y,61.05,30,30,0,0.00,,,215.82,112.000,n,130.000,15,30,0,,X,3.320,2.253,AA-,AA-,公司实际控制人担保,,,,shmb,,,113565,113565,1.4730,753336,754336,,N,N,80.610,buy,,,3.56,N,438679917.0,438679917.0,Y,8.76,34229.84,0.11%,00,buy,buy,buy,15:00:00,114.66,17.27%,4.121,-3.23%,-3.95%,134.460,134.460,-1.16%,67572.65,Y,0,0,,-,,N,-,buy,-,26-02-25,151.73,9.93,5.35,5.9%,5.9%,"转债占流动市值比：5.9%
转债占总市值比：5.9%",0.00,603336,sh113565,有效期：-；质押代码：113565,113565；2020-09-03 开始转股,全价：134.460 最后更新：15:00:00
113048,晶科转债,sh601778,晶科科技,C,5.46,2021-10-27,2021-10-29,2027-04-22,2025-04-22,,,100.000,y,53.53,30,30,0,0.00,,,8.81,112.000,n,130.000,15,30,0,,N,30.000,22.968,AA,AA,无,,,,shmb,2021年11月19日公告：本次（2021年10月29日至2021年11月18日）不行使提前赎回权利，至2022年5月18日均不提前赎回,,113048,113048,1.0840,764778,783778,,N,N,37.350,buy,,,1.74,N,2894289117.0,2040894611.0,Y,7.14,57290.92,-5.80%,00,buy,buy,buy,15:00:00,130.77,17.32%,5.274,-5.08%,-5.60%,153.420,153.420,-5.63%,31615.58,Y,1,1,G,-,,N,-,buy,-,27-04-22,170.74,7.10,3.82,15.8%,11.1%,"转债占流动市值比：15.8%
转债占总市值比：11.1%",0.00,601778,sh113048,有效期：-；质押代码：113048,113048；2021-10-29 开始转股,全价：153.420 最后更新：15:00:00
113610,灵康转债,sh603669,灵康药业,C,8.61,2021-05-31,2021-06-07,2026-11-30,2024-11-29,,,100.000,y,64.95,30,30,0,0.00,,,5.35,115.000,n,130.000,15,30,0,,X,5.250,4.580,AA-,AA-,控股股东灵康控股保证的担保方式,,,,shmb,,,113610,113610,0.7350,753669,754669,,N,N,78.680,buy,,,4.55,N,721227382.0,721227382.0,Y,9.28,3872.01,-4.33%,00,buy,buy,buy,14:59:57,107.78,17.43%,4.882,-0.99%,-1.70%,126.570,126.570,-1.21%,3124.10,Y,0,0,,-,,N,-,buy,-,26-11-30,144.00,11.19,6.03,6.8%,6.8%,"转债占流动市值比：6.8%
转债占总市值比：6.8%",0.00,603669,sh113610,有效期：-；质押代码：113610,113610；2021-06-07 开始转股,全价：126.570 最后更新：14:59:57
123024,岱勒转债,sz300700,岱勒新材,C,14.10,2021-06-01,2019-09-27,2024-03-21,2022-03-21,,,100.000,y,63.51,30,30,0,0.00,,,25.65,110.000,n,130.000,15,30,0,,X,2.100,2.097,A+,A+,无担保,,,,szcy,,,123024,123024,2.5485,380700,370700,,N,N,55.940,buy,,,3.22,N,107137593.0,74276829.0,Y,15.54,12067.77,2.24%,00,buy,buy,buy,15:14:03,110.21,17.49%,2.186,-6.31%,-7.27%,129.490,129.490,1.28%,6988.17,Y,1,1,,-,,N,-,buy,-,24-03-21,146.98,18.33,9.87,18.2%,12.6%,"转债占流动市值比：18.2%
转债占总市值比：12.6%",0.00,300700,sz123024,有效期：-；质押代码：123024,123024；2019-09-27 开始转股,全价：129.490 最后更新：15:14:03
128030,天康转债,sz002100,天康生物,C,7.40,2021-12-24,2018-06-28,2023-12-22,2021-12-22,,,100.000,y,45.40,30,30,0,0.00,,,30.87,108.000,n,130.000,15,30,16,,X,10.000,0.871,AA,AA,无担保,,,,szmb,,,128030,128030,1.0380,082100,072100,,N,N,57.690,-,R,,2.74,N,1353856588.0,1076406924.0,Y,11.41,33701.70,-2.89%,00,buy,buy,buy,15:14:03,154.19,17.62%,1.940,-22.94%,-23.63%,181.350,181.350,-0.90%,4921.21,Y,0,0,B,-,,N,-,buy,-,23-12-22,198.97,9.62,5.18,0.7%,0.6%,"转债占流动市值比：0.7%
转债占总市值比：0.6%",0.00,002100,sz128030,有效期：-；质押代码：128030,128030；2018-06-28 开始转股,全价：181.350 最后更新：15:14:03
123057,美联转债,sz300586,美联新材,C,9.50,2021-07-12,2021-01-07,2026-06-30,2024-07-01,,,100.000,y,55.84,30,30,0,0.00,,,21.24,112.000,n,130.000,15,30,0,,N,2.070,2.066,AA-,AA-,无担保,,,,szcy,2021年12月13日公告：本次（2021年11月19日至2021年12月13日）不提前赎回，至2022年6月13日均提前赎回,,123057,123057,0.4533,380586,370586,,N,N,82.410,buy,,,5.08,N,524473683.0,346950508.0,Y,11.91,8254.55,-0.67%,00,buy,buy,buy,15:14:03,125.37,17.65%,4.463,-5.01%,-5.66%,147.499,147.499,-1.03%,6527.67,Y,0,0,G,-,,N,-,buy,-,26-06-30,165.15,12.35,6.65,5.0%,3.3%,"转债占流动市值比：5.0%
转债占总市值比：3.3%",0.00,300586,sz123057,有效期：-；质押代码：123057,123057；2021-01-07 开始转股,全价：147.499 最后更新：15:14:03
128090,汽模转2,sz002510,天汽模,C,4.23,2021-06-30,2020-07-03,2025-12-27,2023-12-27,,,100.000,y,63.13,30,30,0,0.00,,,13.39,110.000,n,130.000,15,30,0,,X,4.710,3.100,AA-,AA-,无担保,,,,szmb,,,128090,128090,0.5114,082510,072510,,N,N,41.350,buy,,,2.10,N,941616619.0,931317168.0,Y,4.69,20426.51,0.43%,00,buy,buy,buy,15:14:03,110.87,18.27%,3.956,-3.47%,-4.08%,131.132,131.132,0.10%,5460.59,Y,0,0,,-,,N,-,buy,-,25-12-27,149.40,5.50,2.96,7.1%,7.0%,"转债占流动市值比：7.1%
转债占总市值比：7.0%",0.00,002510,sz128090,有效期：-；质押代码：128090,128090；2020-07-03 开始转股,全价：131.132 最后更新：15:14:03
128119,龙大转债,sz002726,龙大美食,C,9.29,2021-08-12,2021-01-18,2026-07-12,2024-07-15,,,100.000,y,58.22,30,30,0,0.00,,,11.78,115.000,n,130.000,15,30,0,,X,9.500,9.461,AA,AA,无担保,,,,szmb,,,128119,128119,0.9516,082726,072726,,N,N,73.670,buy,R,,2.86,N,1078860185.0,991083080.0,Y,11.17,72875.83,-0.80%,00,buy,buy,buy,15:14:03,120.24,18.27%,4.496,-3.79%,-4.51%,142.200,142.200,0.15%,16050.46,Y,0,0,,-,,N,-,buy,-,26-07-12,160.47,12.08,6.50,8.5%,7.9%,"转债占流动市值比：8.5%
转债占总市值比：7.9%",0.00,002726,sz128119,有效期：-；质押代码：128119,128119；2021-01-18 开始转股,全价：142.200 最后更新：15:14:03
110053,苏银转债,sh600919,江苏银行,C,6.37,2021-06-18,2019-09-20,2025-03-13,,,,,y,,15,30,0,0.81,2022-01-14,2022-01-14,1.26,111.000,n,130.000,15,30,0,,X,200.000,199.993,AAA,AAA,无担保,,,,shmb,,,110053,110053,1.7320,704919,733919,,N,N,26.970,buy,R,,0.53,N,14769628784.0,14679866951.0,Y,6.73,150182.92,2.28%,00,buy,buy,buy,14:59:41,105.65,18.29%,3.164,-1.78%,-2.76%,124.970,124.970,-0.14%,31713.65,Y,0,0,,-,,N,-,buy,-,25-03-13,143.26,8.28,-,20.2%,20.1%,"转债占流动市值比：20.2%
转债占总市值比：20.1%",0.00,600919,sh110053,有效期：2022-01-14 到 2022-01-14；质押代码：110053,110053；2019-09-20 开始转股,全价：124.970 最后更新：14:59:41
128143,锋龙转债,sz002931,锋龙股份,C,12.73,2021-06-08,2021-07-14,2027-01-07,2025-01-07,,,100.000,y,63.38,30,30,0,0.00,,,3.15,115.000,n,130.000,15,30,0,,X,2.450,2.444,A+,A+,股票质押担保,,,,szmb,,,128143,128143,1.7228,082931,072931,,N,N,80.170,buy,,,4.01,N,199140144.0,178663130.0,Y,14.06,1913.38,-1.61%,00,buy,buy,buy,15:14:03,110.45,18.31%,4.986,-1.53%,-2.23%,130.669,130.669,-0.86%,1011.43,Y,0,0,,-,,N,-,buy,-,27-01-07,148.98,16.55,8.91,9.7%,8.7%,"转债占流动市值比：9.7%
转债占总市值比：8.7%",0.00,002931,sz128143,有效期：-；质押代码：128143,128143；2021-07-14 开始转股,全价：130.669 最后更新：15:14:03
113011,光大转债,sh601818,光大银行,C,3.55,2021-07-21,2017-09-18,2023-03-17,,,,,n,,0,0,0,0.76,2022-01-14,2022-01-14,1.55,105.000,n,130.000,15,30,0,,X,300.000,241.980,AAA,AAA,无担保,,,,shmb,,,113011,113011,0.7530,764818,783818,4,N,N,,buy,R,,0.39,Y,54031918195.0,41353182695.0,Y,3.44,57771.24,0.88%,00,buy,buy,buy,14:59:59,96.90,18.32%,1.173,-5.95%,-6.97%,114.650,114.650,-1.00%,43154.08,Y,0,0,,-,,N,-,buy,-,23-03-17,132.97,4.62,-,17.0%,13.0%,"转债占流动市值比：17.0%
转债占总市值比：13.0%",0.00,601818,sh113011,有效期：2022-01-14 到 2022-01-14；质押代码：113011,113011；2017-09-18 开始转股,全价：114.650 最后更新：14:59:59
128120,联诚转债,sz002921,联诚精密,C,18.44,2021-05-11,2021-01-25,2026-07-16,2024-07-16,,,100.000,y,64.44,30,30,0,0.00,,,15.83,112.000,n,130.000,15,30,0,,X,2.600,2.600,A,A,实际控制人提供股票质押担保和保证担保,,,,szmb,,,128120,128120,3.1862,082921,072921,,N,N,69.810,buy,,,2.40,N,106080816.0,81816321.0,Y,20.03,14676.98,0.15%,00,buy,buy,buy,15:14:03,108.62,18.39%,4.507,-1.95%,-2.62%,128.600,128.600,-2.39%,5339.75,Y,0,0,,-,,N,-,buy,-,26-07-16,146.99,23.97,12.91,15.9%,12.2%,"转债占流动市值比：15.9%
转债占总市值比：12.2%",0.00,002921,sz128120,有效期：-；质押代码：128120,128120；2021-01-25 开始转股,全价：128.600 最后更新：15:14:03
113030,东风转债,sh601515,东风股份,C,6.40,2021-11-12,2020-06-30,2025-12-23,2023-12-25,,,100.000,y,52.96,30,30,0,0.00,,,29.67,112.000,n,130.000,15,30,7,,X,2.950,2.949,AA,AA,无担保,,,,shmb,,,113030,113030,0.2210,764515,783515,,N,N,13.210,buy,R,,2.84,N,1535743492.0,1334423360.0,Y,8.46,35603.78,-6.52%,00,buy,buy,buy,15:00:00,132.19,18.45%,3.945,-7.37%,-8.03%,156.570,156.570,-1.83%,13772.38,Y,0,0,,-,,N,-,buy,-,25-12-23,175.02,8.32,4.48,2.6%,2.3%,"转债占流动市值比：2.6%
转债占总市值比：2.3%",0.00,601515,sh113030,有效期：-；质押代码：113030,113030；2020-06-30 开始转股,全价：156.570 最后更新：15:00:00
110074,精达转债,sh600577,精达股份,C,3.73,2021-04-26,2021-02-25,2026-08-18,2024-08-19,,,100.000,y,33.78,30,30,0,0.00,,,99.95,112.000,n,130.000,15,30,0,,N,7.870,5.099,AA,AA,无担保,,,,shmb,2022年1月7日公告：本次（2021年12月16日至2022年1月6日）不提前赎回，至 2022年7月6日均不提前赎回,,110074,110074,0.4090,704577,733577,,N,N,62.152,buy,R,,3.50,N,1995704423.0,1995704423.0,Y,7.73,88906.29,7.21%,00,buy,buy,buy,15:00:00,207.24,18.46%,4.597,-15.12%,-15.63%,245.500,245.500,2.81%,130898.77,Y,0,0,G,-,,N,-,buy,-,26-08-18,263.96,4.85,2.61,3.3%,3.3%,"转债占流动市值比：3.3%
转债占总市值比：3.3%",0.00,600577,sh110074,有效期：-；质押代码：110074,110074；2021-02-25 开始转股,全价：245.500 最后更新：15:00:00
123042,银河转债,sz300619,金银河,C,23.59,2021-12-10,2020-07-20,2026-01-13,2024-01-15,,,100.000,y,22.80,30,30,0,0.00,,,82.96,110.000,n,130.000,15,30,8,,X,1.670,0.975,A+,A+,无担保,,,,szcy,,,123042,123042,2.2316,380619,370619,,N,N,49.650,buy,,,10.94,N,84664538.0,59449716.0,Y,72.43,15712.26,-3.39%,00,buy,buy,buy,15:14:03,307.04,18.49%,4.000,-25.38%,-25.81%,363.804,363.804,-2.74%,29826.59,Y,0,0,,-,,N,-,buy,-,26-01-13,382.29,30.67,16.51,2.3%,1.6%,"转债占流动市值比：2.3%
转债占总市值比：1.6%",0.00,300619,sz123042,有效期：-；质押代码：123042,123042；2020-07-20 开始转股,全价：363.804 最后更新：15:14:03
123075,贝斯转债,sz300580,贝斯特,C,23.74,2021-05-24,2021-05-06,2026-11-01,2024-11-01,,,100.000,y,54.94,30,30,0,0.00,,,23.08,110.000,n,130.000,15,30,3,,X,6.000,5.997,AA-,AA-,无担保,,,,szcy,,,123075,123075,3.0000,380580,370580,,N,N,84.750,buy,,,3.13,N,200010790.0,186527665.0,Y,30.25,11022.96,-0.10%,00,buy,buy,buy,15:14:03,127.42,19.05%,4.803,-5.68%,-6.19%,151.700,151.700,0.55%,21249.74,Y,0,0,,-,,N,-,buy,-,26-11-01,170.75,30.86,16.62,10.6%,9.9%,"转债占流动市值比：10.6%
转债占总市值比：9.9%",0.00,300580,sz123075,有效期：-；质押代码：123075,123075；2021-05-06 开始转股,全价：151.700 最后更新：15:14:03
123098,一品转债,sz300723,一品红,C,25.48,2021-08-25,2021-08-03,2027-01-27,2025-01-27,,,100.000,y,54.69,30,30,0,0.00,,,2.40,118.000,n,130.000,15,30,0,,N,4.800,4.236,AA-,AA-,无担保,,,,szcy,2022年1月5日公告：本次（2021年11月24日至2021年1月5日）不提前赎回，至2022年7月5日均不提前赎回,,123098,123098,3.0423,380723,370723,,N,N,85.150,buy,,,5.38,N,288034274.0,124345043.0,Y,32.61,11431.71,-5.59%,00,buy,buy,buy,15:14:03,127.98,19.08%,5.041,-4.09%,-4.83%,152.406,152.406,-3.95%,1581.32,Y,0,0,G,-,,N,-,buy,-,27-01-27,171.49,33.12,17.84,10.4%,4.5%,"转债占流动市值比：10.4%
转债占总市值比：4.5%",0.00,300723,sz123098,有效期：-；质押代码：123098,123098；2021-08-03 开始转股,全价：152.406 最后更新：15:14:03
113602,景20转债,sh603228,景旺电子,C,27.40,2021-05-12,2021-03-01,2026-08-23,2024-08-23,,,100.000,y,59.38,30,30,0,0.00,,,0.74,108.000,n,130.000,15,30,0,,X,17.800,17.798,AA,AA,无担保,,,,shmb,,,113602,113602,2.0900,753228,754228,,N,N,85.940,buy,R,,3.89,N,851672591.0,841872019.0,Y,32.30,7631.19,-1.97%,00,buy,buy,buy,14:59:41,117.88,19.21%,4.611,-4.72%,-5.19%,140.530,140.530,-0.54%,1847.01,Y,1,1,,-,,N,-,buy,-,26-08-23,159.74,35.62,19.18,6.5%,6.5%,"转债占流动市值比：6.5%
转债占总市值比：6.5%",0.00,603228,sh113602,有效期：-；质押代码：113602,113602；2021-03-01 开始转股,全价：140.530 最后更新：14:59:41
110061,川投转债,sh600674,川投能源,C,9.20,2021-07-15,2020-05-15,2025-11-10,2023-11-10,,,100.000,y,56.00,30,30,0,1.00,2022-01-14,2022-01-14,0.53,106.000,n,130.000,15,30,0,,N,40.000,39.616,AAA,AAA,无担保,,,,shmb,2021年9月28日公告：本次（2021年9月6日至2021年9月28日）期间不行使提前赎回权利，至2022年9月28日均不提前赎回,,110061,110061,0.9080,704674,733674,,N,N,81.590,buy,R,,1.62,N,4406155440.0,4406155440.0,Y,11.50,12237.76,-1.88%,00,buy,buy,buy,14:59:46,125.00,19.26%,3.827,-7.70%,-8.13%,149.080,149.080,-1.29%,3136.70,Y,0,0,G,-,,N,-,buy,-,25-11-10,168.34,11.96,6.44,7.8%,7.8%,"转债占流动市值比：7.8%
转债占总市值比：7.8%",0.00,600674,sh110061,有效期：2022-01-14 到 2022-01-14；质押代码：110061,110061；2020-05-15 开始转股,全价：149.080 最后更新：14:59:46
123082,北陆转债,sz300016,北陆药业,C,8.81,2021-06-29,2021-06-11,2026-12-06,2024-12-06,,,100.000,y,66.38,30,30,0,0.00,,,6.07,115.000,n,130.000,15,30,0,,X,5.000,4.993,A+,A+,无担保,,,,szcy,,,123082,123082,1.0111,380016,370016,,N,N,71.430,buy,,,2.48,N,492717587.0,406759212.0,Y,9.29,20198.93,-1.17%,00,buy,buy,buy,15:14:03,105.45,19.30%,4.899,-0.77%,-1.50%,125.800,125.800,-0.76%,3878.50,Y,1,1,,-,,N,-,buy,-,26-12-06,145.10,11.45,6.17,13.2%,10.9%,"转债占流动市值比：13.2%
转债占总市值比：10.9%",0.00,300016,sz123082,有效期：-；质押代码：123082,123082；2021-06-11 开始转股,全价：125.800 最后更新：15:14:03
128029,太阳转债,sz002078,太阳纸业,C,8.45,2021-07-08,2018-06-28,2022-12-22,2020-12-22,,,100.000,y,49.79,30,30,0,0.00,,,1.52,106.000,n,130.000,15,30,0,,N,12.000,9.086,AA+,AA+,无担保,,,,szmb,2022年1月1日公告：本次不提前赎回，至存续期结束前（即2022年12月22日前）均不行使提前赎回权利,,128029,128029,0.4628,082078,072078,,N,N,73.570,buy,R,,1.67,N,2687002843.0,2612712093.0,Y,11.88,29185.53,-0.17%,00,buy,buy,buy,15:14:03,140.59,19.42%,0.940,-39.22%,-39.98%,167.900,167.900,-1.50%,2350.20,Y,0,0,G,-,,N,-,buy,-,22-12-22,187.32,10.98,5.92,2.9%,2.8%,"转债占流动市值比：2.9%
转债占总市值比：2.8%",0.00,002078,sz128029,有效期：-；质押代码：128029,128029；2018-06-28 开始转股,全价：167.900 最后更新：15:14:03
128140,润建转债,sz002929,润建股份,C,26.40,2021-06-07,2021-06-15,2026-12-04,2024-12-06,,,100.000,y,55.00,30,30,0,0.00,,,1.95,110.000,n,130.000,15,30,0,,N,10.900,10.897,AA,AA,无担保,,,,szmb,2021年11月25日公告：本次（2021年11月08日至2021年11月24日）不行使提前赎回权利，至2022年12月31日均不提前赎回,,128140,128140,4.9377,082929,072929,,N,N,83.270,buy,,,2.17,N,228728817.0,168506828.0,Y,33.60,5234.95,-3.11%,00,buy,buy,buy,15:14:03,127.27,19.43%,4.893,-5.65%,-6.15%,152.000,152.000,-3.18%,3256.73,Y,0,0,G,-,,N,-,buy,-,26-12-04,171.43,34.32,18.48,19.2%,14.2%,"转债占流动市值比：19.2%
转债占总市值比：14.2%",0.00,002929,sz128140,有效期：-；质押代码：128140,128140；2021-06-15 开始转股,全价：152.000 最后更新：15:14:03
110079,杭银转债,sh600926,杭州银行,C,12.99,2021-08-30,2021-10-08,2027-03-29,,,,,y,,0,0,0,0.84,2022-01-14,2022-01-14,1.23,108.000,n,130.000,15,30,0,,X,150.000,149.993,AAA,AAA,无,,,,shmb,,,110079,110079,2.5290,704926,733926,,N,N,42.340,buy,R,,0.93,Y,5930255051.0,5060452059.0,Y,13.76,32450.56,-0.22%,00,buy,buy,buy,14:59:55,105.93,19.47%,5.208,-2.29%,-2.70%,126.550,126.550,-0.84%,23348.62,Y,1,1,,-,,N,-,buy,-,27-03-29,146.02,16.89,-,21.5%,18.4%,"转债占流动市值比：21.5%
转债占总市值比：18.4%",0.00,600926,sh110079,有效期：2022-01-14 到 2022-01-14；质押代码：110079,110079；2021-10-08 开始转股,全价：126.550 最后更新：14:59:55
113516,苏农转债,sh603323,苏农银行,C,5.37,2021-06-08,2019-02-11,2024-08-01,,,,,n,,15,30,0,0.00,,,1.56,110.000,n,130.000,15,30,0,,X,25.000,12.885,AA+,AA+,无担保,,,,shmb,,,113516,113516,1.7260,753323,754323,,N,N,28.630,buy,R,,0.76,N,1803070253.0,1517793985.0,Y,5.52,27760.46,1.66%,00,buy,buy,buy,14:59:48,102.79,19.51%,2.551,-3.17%,-4.07%,122.850,122.850,0.01%,2487.33,Y,0,0,,-,,N,-,buy,-,24-08-01,142.36,6.98,-,15.4%,12.9%,"转债占流动市值比：15.4%
转债占总市值比：12.9%",0.00,603323,sh113516,有效期：-；质押代码：113516,113516；2019-02-11 开始转股,全价：122.850 最后更新：14:59:48
123043,正元转债,sz300645,正元智慧,C,15.38,2021-06-09,2020-09-11,2026-03-04,2024-03-04,,,100.000,y,46.29,30,30,0,0.00,,,334.57,115.000,n,130.000,15,30,14,,X,1.750,1.656,A+,A+,无担保,,,,szcy,,,123043,123043,1.3815,380645,370645,,N,N,48.790,buy,,,4.25,N,127650635.0,127655315.0,Y,23.26,20122.15,0.52%,00,buy,buy,buy,15:14:03,151.24,19.55%,4.140,-9.46%,-10.20%,180.800,180.800,0.17%,101291.66,Y,0,0,,-,,N,-,buy,-,26-03-04,200.35,19.99,10.77,5.6%,5.6%,"转债占流动市值比：5.6%
转债占总市值比：5.6%",0.00,300645,sz123043,有效期：-；质押代码：123043,123043；2020-09-11 开始转股,全价：180.800 最后更新：15:14:03
127049,希望转2,sz000876,新希望,C,14.45,,2022-05-09,2027-11-01,2025-11-03,,,100.000,y,59.08,30,30,0,0.94,2022-01-14,2022-01-14,1.79,107.000,n,130.000,15,30,0,,X,81.500,81.500,AAA,AAA,无,,,,szmb,,,未到转股期,127049,1.8400,080876,070876,,N,N,72.271,-,R,,2.23,N,4505211342.0,4325422589.0,Y,17.12,141172.76,-3.00%,00,buy,buy,buy,15:14:03,118.48,19.94%,5.803,-4.19%,-4.52%,142.097,142.097,-3.21%,21018.28,Y,0,0,,-,,N,-,buy,-,27-11-01,162.04,18.79,10.12,11.0%,10.6%,"转债占流动市值比：11.0%
转债占总市值比：10.6%",0.00,000876,sz127049,有效期：2022-01-14 到 2022-01-14；质押代码：127049,未到转股期；2022-05-09 开始转股,全价：142.097 最后更新：15:14:03
123050,聚飞转债,sz300303,聚飞光电,C,5.08,2021-06-30,2020-10-20,2026-04-13,2024-04-15,,,100.000,y,56.99,30,30,0,0.00,,,4.51,118.000,n,130.000,15,30,0,,X,7.050,3.746,AA-,AA-,无担保,,,,szcy,,,123050,123050,0.5513,380303,370303,,N,N,43.220,buy,,,2.96,N,1342588701.0,1223105685.0,Y,6.24,20734.82,-2.04%,00,buy,buy,buy,15:14:03,122.83,20.03%,4.249,-4.11%,-4.99%,147.433,147.433,-0.98%,2495.58,Y,0,0,,-,,N,-,buy,-,26-04-13,167.46,6.60,3.56,4.9%,4.5%,"转债占流动市值比：4.9%
转债占总市值比：4.5%",0.00,300303,sz123050,有效期：-；质押代码：123050,123050；2020-10-20 开始转股,全价：147.433 最后更新：15:14:03
113052,兴业转债,sh601166,兴业银行,C,25.51,,2022-06-30,2027-12-27,,,,,y,,0,0,0,0.00,,,,109.000,n,130.000,15,30,0,,X,500.000,500.000,AAA,AAA,无,,,,shmb,,,未到转股期,113052,0.2406,764166,783166,,N,N,45.430,-,R,,0.67,Y,20774190751.0,19615250551.0,Y,21.24,233794.66,-0.61%,00,buy,buy,buy,,83.26,20.10%,5.956,2.32%,1.87%,100.000,100.000,0.00%,0.00,Y,0,0,,-,,N,-,buy,-,27-12-27,120.10,33.16,-,12.0%,11.3%,"转债占流动市值比：12.0%
转债占总市值比：11.3%",0.00,601166,sh113052,有效期：-；质押代码：113052,未到转股期；2022-06-30 开始转股,待上市
110047,山鹰转债,sh600567,山鹰国际,C,3.30,2021-07-05,2019-05-27,2024-11-21,2022-11-21,,,100.000,y,68.34,30,30,0,0.00,,,0.71,113.000,n,130.000,15,30,0,,X,23.000,22.455,AA+,AA+,无担保,,,,shmb,,,110047,110047,0.5030,704567,733567,,N,N,14.080,buy,R,,0.94,N,4616166707.0,4616166707.0,Y,3.38,15019.88,0.00%,00,buy,buy,buy,14:59:48,102.42,20.15%,2.858,-1.93%,-2.92%,123.060,123.060,-0.11%,1961.71,Y,0,0,,-,,N,-,buy,-,24-11-21,143.21,4.29,2.31,14.4%,14.4%,"转债占流动市值比：14.4%
转债占总市值比：14.4%",0.00,600567,sh110047,有效期：-；质押代码：110047,110047；2019-05-27 开始转股,全价：123.060 最后更新：14:59:48
123107,温氏转债,sz300498,温氏股份,C,17.62,2021-07-08,2021-10-08,2027-03-28,2025-03-28,,,100.000,y,62.51,30,30,0,0.89,2022-01-14,2022-01-14,1.75,108.000,n,130.000,15,30,0,,X,92.970,92.966,AAA,AAA,无,,,,szcy,,,123107,123107,1.4587,380498,370498,,N,N,73.790,buy,R,,3.48,N,6351814344.0,4728906382.0,Y,19.73,88363.91,-5.10%,00,buy,buy,buy,15:14:03,111.98,20.19%,5.205,-3.36%,-3.79%,134.581,134.581,-1.64%,21937.17,Y,0,0,,-,,N,-,buy,-,27-03-28,154.77,22.91,12.33,10.0%,7.4%,"转债占流动市值比：10.0%
转债占总市值比：7.4%",0.00,300498,sz123107,有效期：2022-01-14 到 2022-01-14；质押代码：123107,123107；2021-10-08 开始转股,全价：134.581 最后更新：15:14:03
123129,锦鸡转债,sz300798,锦鸡股份,C,9.53,,2022-05-10,2027-11-03,2025-11-03,,,100.000,y,56.33,30,30,0,0.00,,,0.92,112.000,n,120.000,20,30,0,,X,6.000,6.000,AA-,AA-,无,,,,szcy,,,未到转股期,123129,1.4362,380798,370798,,N,N,32.210,-,,,3.39,N,417748945.0,210221808.0,Y,10.15,2481.44,-1.07%,00,buy,buy,buy,15:14:03,106.51,20.20%,5.808,-1.45%,-1.97%,128.015,128.015,-0.45%,708.56,Y,0,0,,-,,N,-,buy,-,27-11-03,148.21,11.44,5.72,28.1%,14.2%,"转债占流动市值比：28.1%
转债占总市值比：14.2%",0.00,300798,sz123129,有效期：-；质押代码：123129,未到转股期；2022-05-10 开始转股,全价：128.015 最后更新：15:14:03
113588,润达转债,sh603108,润达医疗,C,13.25,2021-07-16,2020-12-23,2026-06-16,2024-06-17,,,100.000,y,62.42,30,30,0,0.00,,,11.64,109.000,n,130.000,15,30,0,,X,5.500,5.499,AA,AA,无担保,,,,shmb,,,113588,113588,0.9490,753108,754108,,N,N,58.090,buy,R,,2.53,N,579538395.0,579538395.0,Y,14.86,35485.40,4.28%,00,buy,buy,buy,15:00:00,112.15,20.39%,4.425,-3.84%,-4.37%,135.020,135.020,2.67%,8551.97,Y,0,0,,-,,N,-,buy,-,26-06-16,155.41,17.23,9.28,6.4%,6.4%,"转债占流动市值比：6.4%
转债占总市值比：6.4%",0.00,603108,sh113588,有效期：-；质押代码：113588,113588；2020-12-23 开始转股,全价：135.020 最后更新：15:00:00
127013,创维转债,sz000810,创维数字,C,11.29,2021-06-10,2019-10-21,2025-04-15,2023-04-17,,,100.000,y,61.12,30,30,0,0.00,,,55.92,113.000,n,130.000,15,30,0,,X,10.400,9.779,AA,AA,无担保,,,,szmb,,,127013,127013,0.9821,080810,070810,,N,N,26.600,buy,R,,3.15,N,1063237105.0,1030222093.0,Y,12.93,47487.15,10.04%,00,buy,buy,buy,15:14:03,114.53,20.41%,3.255,-4.94%,-5.81%,137.900,137.900,4.23%,76277.72,Y,0,0,,-,,N,-,buy,-,25-04-15,158.31,14.68,7.90,7.3%,7.1%,"转债占流动市值比：7.3%
转债占总市值比：7.1%",0.00,000810,sz127013,有效期：-；质押代码：127013,127013；2019-10-21 开始转股,全价：137.900 最后更新：15:14:03
110063,鹰19转债,sh600567,山鹰国际,C,3.26,2021-07-05,2020-06-19,2025-12-12,2023-12-12,,,100.000,y,67.51,30,30,0,0.00,,,1.18,111.000,n,130.000,15,30,0,,X,18.600,18.092,AA+,AA+,无担保,,,,shmb,,,110063,110063,0.4120,704567,733567,,N,N,31.650,buy,R,,0.94,N,4616166707.0,4616166707.0,Y,3.38,15019.88,0.00%,00,buy,buy,buy,14:59:00,103.68,20.50%,3.915,-2.04%,-2.72%,124.940,124.940,0.33%,2646.13,Y,0,0,,-,,N,-,buy,-,25-12-12,145.44,4.24,2.28,11.6%,11.6%,"转债占流动市值比：11.6%
转债占总市值比：11.6%",0.00,600567,sh110063,有效期：-；质押代码：110063,110063；2020-06-19 开始转股,全价：124.940 最后更新：14:59:00
123048,应急转债,sz300527,中船应急,C,8.88,2021-07-21,2020-10-16,2026-04-09,2024-04-09,,,100.000,y,59.65,30,30,0,0.00,,,31.13,108.000,n,130.000,15,30,0,,X,8.190,3.792,AA+,AA+,无担保,,,,szcy,,,123048,123048,0.8961,380527,370527,,N,N,13.090,buy,R,,3.67,N,963211158.0,963205358.0,Y,10.42,41044.80,-3.07%,00,buy,buy,buy,15:14:03,117.34,20.59%,4.238,-5.31%,-5.81%,141.500,141.500,-2.28%,16829.03,Y,0,0,,-,,N,-,buy,-,26-04-09,162.09,11.54,6.22,3.8%,3.8%,"转债占流动市值比：3.8%
转债占总市值比：3.8%",0.00,300527,sz123048,有效期：-；质押代码：123048,123048；2020-10-16 开始转股,全价：141.500 最后更新：15:14:03
123054,思特转债,sz300608,思特奇,C,12.63,2021-05-26,2020-12-16,2026-06-09,2024-06-10,,,100.000,y,59.98,30,30,0,0.00,,,62.41,115.000,n,130.000,15,30,0,,X,2.710,2.074,AA-,AA-,无担保,,,,szcy,,,123054,123054,1.7214,380608,370608,,N,N,69.580,-,,,3.57,N,209910067.0,163171064.0,Y,14.74,20511.30,4.02%,00,buy,buy,buy,15:14:03,116.71,20.60%,4.405,-3.41%,-4.19%,140.750,140.750,0.18%,18321.92,Y,0,0,,-,,N,-,buy,-,26-06-09,161.35,16.42,8.84,8.6%,6.7%,"转债占流动市值比：8.6%
转债占总市值比：6.7%",0.00,300608,sz123054,有效期：-；质押代码：123054,123054；2020-12-16 开始转股,全价：140.750 最后更新：15:14:03
113598,法兰转债,sh603966,法兰泰克,C,9.70,2021-08-03,2021-02-08,2026-07-30,2024-07-30,,,100.000,y,66.18,30,30,0,0.00,,,2.92,115.000,n,130.000,15,30,0,,X,3.300,2.753,AA-,AA-,实际控制人股票质押担保,,,,shmb,,,113598,113598,1.5640,753966,754966,,N,N,83.780,buy,,,2.37,N,300324800.0,300324800.0,Y,10.26,2316.70,-0.19%,00,buy,buy,buy,14:59:48,105.77,20.64%,4.545,-1.23%,-1.99%,127.610,127.610,-1.28%,1030.97,Y,0,0,,-,,N,-,buy,-,26-07-30,148.25,12.61,6.79,8.9%,8.9%,"转债占流动市值比：8.9%
转债占总市值比：8.9%",0.00,603966,sh113598,有效期：-；质押代码：113598,113598；2021-02-08 开始转股,全价：127.610 最后更新：14:59:48
123118,惠城转债,sz300779,惠城环保,C,17.11,,2022-01-13,2027-07-06,2025-07-07,,,100.000,y,67.67,30,30,0,0.00,,,1.97,115.000,n,130.000,15,30,0,,X,3.200,3.200,A+,A+,无,,,,szcy,,,123118,123118,3.2000,380779,370779,,N,N,33.230,-,,,2.49,N,100000000.0,69884304.0,Y,17.70,2888.16,-0.06%,00,buy,buy,buy,15:14:03,103.45,20.64%,5.479,-0.47%,-1.14%,124.800,124.800,-0.39%,791.64,Y,0,0,,-,,N,-,buy,-,27-07-06,145.44,22.24,11.98,25.9%,18.1%,"转债占流动市值比：25.9%
转债占总市值比：18.1%",0.00,300779,sz123118,有效期：-；质押代码：123118,123118；2022-01-13 开始转股,全价：124.800 最后更新：15:14:03
128021,兄弟转债,sz002562,兄弟科技,C,5.19,2021-01-08,2018-06-04,2023-11-28,2021-11-28,,,100.000,y,64.99,30,30,0,0.00,,,11.17,106.000,n,130.000,20,30,0,,X,7.000,2.653,AA,AA,无担保,,,,szmb,,,128021,128021,1.2929,082562,072562,,N,N,88.590,buy,,,1.98,N,1062875349.0,700080851.0,Y,5.59,23738.48,2.76%,00,buy,buy,buy,15:14:03,107.71,20.70%,1.874,-9.71%,-10.38%,129.999,129.999,1.39%,3843.80,Y,1,1,,-,,N,-,buy,-,23-11-28,150.70,6.75,3.63,6.8%,4.5%,"转债占流动市值比：6.8%
转债占总市值比：4.5%",0.00,002562,sz128021,有效期：-；质押代码：128021,128021；2018-06-04 开始转股,全价：129.999 最后更新：15:14:03
123014,凯发转债,sz300407,凯发电气,C,8.05,2021-06-03,2019-02-11,2023-07-27,2021-07-27,,,100.000,y,61.18,30,30,0,0.00,,,12.27,106.000,n,130.000,15,30,0,,X,3.499,1.161,A+,A+,无担保,,,,szcy,,,123014,123014,1.2659,380407,370407,,N,N,45.880,buy,,,1.99,N,305096381.0,210891547.0,Y,9.21,4701.35,-0.22%,00,buy,buy,buy,15:14:03,114.41,20.94%,1.534,-15.29%,-16.04%,138.364,138.364,0.42%,1968.86,Y,0,0,,-,,N,-,buy,-,23-07-27,159.30,10.46,5.63,6.0%,4.1%,"转债占流动市值比：6.0%
转债占总市值比：4.1%",0.00,300407,sz123014,有效期：-；质押代码：123014,123014；2019-02-11 开始转股,全价：138.364 最后更新：15:14:03
128037,岩土转债,sz002542,中化岩土,C,3.10,2021-07-07,2018-09-21,2024-03-15,2022-03-15,,,100.000,y,71.62,30,30,0,0.00,,,2.88,108.000,n,130.000,15,30,0,,X,6.037,6.028,AA,AA,无担保,,,,szmb,,,128037,128037,0.3333,082542,072542,,N,N,13.370,buy,,,1.32,N,1805339752.0,1498193375.0,Y,3.03,5545.86,0.66%,00,buy,buy,buy,15:14:03,97.74,21.03%,2.170,-2.82%,-3.74%,118.294,118.294,-0.72%,2063.52,Y,1,1,,-,,N,-,buy,-,24-03-15,139.32,4.03,2.17,13.3%,11.0%,"转债占流动市值比：13.3%
转债占总市值比：11.0%",0.00,002542,sz128037,有效期：-；质押代码：128037,128037；2018-09-21 开始转股,全价：118.294 最后更新：15:14:03
127045,牧原转债,sz002714,牧原股份,C,47.91,,2022-02-21,2027-08-16,2025-08-15,,,100.000,y,60.70,30,30,0,0.00,,,0.67,107.000,n,130.000,15,30,0,,X,95.500,95.500,AA+,AA+,无,,,,szmb,,,未到转股期,127045,1.8145,082714,072714,,N,N,84.360,buy,R,,5.17,Y,5262358594.0,3550079179.0,Y,55.25,195505.94,-3.58%,00,buy,buy,buy,15:14:03,115.32,21.05%,5.592,-4.05%,-4.39%,139.600,139.600,-2.04%,9171.00,Y,0,0,,-,,N,-,buy,-,27-08-16,160.65,62.28,33.54,4.9%,3.3%,"转债占流动市值比：4.9%
转债占总市值比：3.3%",0.00,002714,sz127045,有效期：-；质押代码：127045,未到转股期；2022-02-21 开始转股,全价：139.600 最后更新：15:14:03
127005,长证转债,sz000783,长江证券,C,7.13,2021-07-20,2018-09-17,2024-03-12,,,,,y,,15,30,0,0.84,2022-01-14,2022-01-14,1.08,105.000,n,130.000,15,30,0,,X,50.000,49.965,AAA,AAA,无担保,,,,szmb,,,127005,127005,0.9042,080783,070783,,N,N,50.330,buy,R,,1.37,N,5529950496.0,5529950496.0,Y,7.53,18485.71,-0.26%,00,buy,buy,buy,15:14:03,105.61,21.19%,2.162,-7.58%,-8.22%,127.992,127.992,-0.70%,6975.07,Y,0,0,,-,,N,-,buy,-,24-03-12,149.18,9.27,-,12.0%,12.0%,"转债占流动市值比：12.0%
转债占总市值比：12.0%",0.00,000783,sz127005,有效期：2022-01-14 到 2022-01-14；质押代码：127005,127005；2018-09-17 开始转股,全价：127.992 最后更新：15:14:03
128017,金禾转债,sz002597,金禾实业,C,21.97,2021-05-21,2018-08-07,2023-11-01,2021-11-01,,,100.000,y,37.26,30,30,0,0.00,,,2.24,106.000,n,130.000,15,30,30,,X,6.000,5.519,AA,AA,无担保,,,,szmb,,,128017,128017,1.0633,082597,072597,,N,N,89.139,buy,R,,4.34,N,560913735.0,559486768.0,Y,41.27,21406.33,-3.39%,00,buy,buy,buy,15:14:03,187.85,21.21%,1.800,-34.27%,-34.75%,227.690,227.690,0.30%,2809.39,Y,0,0,B,-,,N,-,buy,-,23-11-01,248.90,28.56,15.38,2.4%,2.4%,"转债占流动市值比：2.4%
转债占总市值比：2.4%",0.00,002597,sz128017,有效期：-；质押代码：128017,128017；2018-08-07 开始转股,全价：227.690 最后更新：15:14:03
128073,哈尔转债,sz002615,哈尔斯,C,5.70,2021-12-31,2020-02-28,2024-08-22,2022-08-22,,,100.000,y,67.97,30,30,0,0.00,,,2.16,112.000,n,130.000,15,30,0,,X,3.000,2.987,AA-,AA-,股份质押的担保方式,,,,szmb,,,128073,128073,0.7309,082615,072615,,N,N,27.880,buy,,,2.68,N,414119070.0,231116395.0,Y,5.87,3818.54,0.17%,00,buy,buy,buy,15:14:03,102.98,21.26%,2.608,-3.31%,-4.26%,124.880,124.880,-0.37%,808.22,Y,0,0,,-,,N,-,buy,-,24-08-22,146.14,7.41,3.99,22.0%,12.3%,"转债占流动市值比：22.0%
转债占总市值比：12.3%",0.00,002615,sz128073,有效期：-；质押代码：128073,128073；2020-02-28 开始转股,全价：124.880 最后更新：15:14:03
113044,大秦转债,sh601006,大秦铁路,C,7.18,2021-07-08,2021-06-18,2026-12-13,2024-12-13,,,100.000,y,77.09,30,30,0,0.73,2022-01-14,2022-01-14,1.08,108.000,n,120.000,15,30,0,,X,320.000,319.992,AAA,AAA,无担保,,,,shmb,,,113044,113044,2.1520,764006,783006,,N,N,72.460,buy,R,,0.78,N,14866908025.0,14866908025.0,Y,6.52,13904.34,-0.61%,00,buy,buy,buy,14:59:43,90.81,21.38%,4.918,0.68%,0.17%,110.220,110.220,-0.63%,38433.36,Y,0,0,,-,,N,-,buy,-,26-12-13,131.60,8.62,5.03,33.0%,33.0%,"转债占流动市值比：33.0%
转债占总市值比：33.0%",0.00,601006,sh113044,有效期：2022-01-14 到 2022-01-14；质押代码：113044,113044；2021-06-18 开始转股,全价：110.220 最后更新：14:59:43
110081,闻泰转债,sh600745,闻泰科技,C,96.67,,2022-02-03,2027-07-27,2025-07-28,,,100.000,y,58.23,30,30,0,0.00,,,1.61,108.000,n,130.000,15,30,0,,X,86.000,86.000,AA+,AA+,无,,,,shmb,,,未到转股期,110081,6.9070,704745,733745,,N,N,55.670,buy,R,,4.40,N,1246210166.0,936607734.0,Y,116.20,122941.37,-2.87%,00,buy,buy,buy,14:59:56,120.20,21.50%,5.537,-4.75%,-5.11%,146.050,146.050,-2.12%,20445.14,Y,0,0,,-,,N,-,buy,-,27-07-27,167.55,125.67,67.67,7.9%,5.9%,"转债占流动市值比：7.9%
转债占总市值比：5.9%",0.00,600745,sh110081,有效期：-；质押代码：110081,未到转股期；2022-02-03 开始转股,全价：146.050 最后更新：14:59:56
123087,明电转债,sz300739,明阳电路,C,16.32,2021-05-24,2021-06-21,2026-12-14,2025-12-15,,,100.000,y,56.60,30,30,0,0.00,,,4.70,115.000,n,130.000,15,30,0,,X,6.730,4.189,AA-,AA-,无担保,,,,szcy,,,123087,123087,2.4094,380739,370739,,N,N,84.410,buy,R,,2.98,N,294756807.0,288240829.0,Y,17.30,5340.78,-1.93%,00,buy,buy,buy,15:14:03,106.00,21.64%,4.921,-1.34%,-2.05%,128.942,128.942,-0.65%,2544.00,Y,1,1,,-,,N,-,buy,-,26-12-14,150.58,21.22,9.79,8.4%,8.2%,"转债占流动市值比：8.4%
转债占总市值比：8.2%",0.00,300739,sz123087,有效期：-；质押代码：123087,123087；2021-06-21 开始转股,全价：128.942 最后更新：15:14:03
110038,济川转债,sh600566,济川药业,C,23.40,2021-05-26,2018-05-17,2022-11-12,2020-11-13,,,100.000,y,43.79,30,30,0,0.00,,,18.22,100.000,y,125.000,15,30,2,,X,8.430,6.302,AA,AA,无担保,,,,shmb,,,110038,110038,1.0410,704566,733566,,N,N,15.921,buy,R,,2.74,N,888273021.0,888273021.0,Y,26.72,68793.38,-5.25%,00,buy,buy,buy,14:59:59,114.19,21.84%,0.830,-28.69%,-29.73%,139.130,139.130,-1.94%,15858.78,Y,1,1,,-,,N,-,buy,-,22-11-12,160.97,29.25,11.70,2.7%,2.7%,"转债占流动市值比：2.7%
转债占总市值比：2.7%",0.00,600566,sh110038,有效期：-；质押代码：110038,110038；2018-05-17 开始转股,全价：139.130 最后更新：14:59:59
128066,亚泰转债,sz002811,郑中设计,C,9.27,2021-06-15,2019-10-23,2025-04-17,2023-04-17,,,100.000,y,71.31,30,30,0,0.00,,,1.83,112.000,n,130.000,15,30,0,,X,4.800,4.798,AA-,AA-,"连带责任保证,保证人深圳市亚泰一兆投资有限公司",,,,szmb,,,128066,128066,2.6666,082811,072811,,N,N,77.910,buy,,,1.61,N,270023688.0,239078995.0,Y,9.10,951.37,0.00%,00,buy,buy,buy,15:14:03,98.17,21.87%,3.260,-0.78%,-1.67%,119.639,119.639,0.18%,1050.29,Y,1,1,,-,,N,-,buy,-,25-04-17,141.51,12.05,6.49,22.1%,19.5%,"转债占流动市值比：22.1%
转债占总市值比：19.5%",0.00,002811,sz128066,有效期：-；质押代码：128066,128066；2019-10-23 开始转股,全价：119.639 最后更新：15:14:03
128137,洁美转债,sz002859,洁美科技,C,27.63,2021-06-03,2021-05-10,2026-11-03,2024-11-04,,,100.000,y,56.37,30,30,0,0.00,,,1.31,112.000,n,130.000,15,30,0,,N,6.000,5.994,AA-,AA-,,,,,szmb,2021年12月28日公告：本次（2021年11月16日至2021年12月27日）不提前赎回，至2022年6月27日均不提前赎回,,128137,128137,1.4645,082859,072859,,N,N,81.230,buy,,,6.78,N,410020847.0,402836495.0,Y,34.31,11807.00,-3.22%,00,buy,buy,buy,15:14:03,124.18,22.00%,4.808,-5.34%,-5.91%,151.500,151.500,-2.43%,1197.92,Y,0,0,G,-,,N,-,buy,-,26-11-03,173.50,35.92,19.34,4.3%,4.3%,"转债占流动市值比：4.3%
转债占总市值比：4.3%",0.00,002859,sz128137,有效期：-；质押代码：128137,128137；2021-05-10 开始转股,全价：151.500 最后更新：15:14:03
123130,设研转债,sz300732,设研院,C,11.24,,2022-05-17,2027-11-10,2025-11-10,,,100.000,y,62.94,30,30,0,0.00,,,2.57,112.000,n,130.000,15,30,0,,X,3.760,3.760,AA,AA,无,,,,szcy,,,未到转股期,123130,1.3718,380732,370732,,N,N,63.570,-,,,1.36,N,275296402.0,269066970.0,Y,12.50,3877.71,-0.64%,00,buy,buy,buy,15:14:03,111.21,22.11%,5.827,-2.55%,-3.04%,135.800,135.800,-2.30%,1331.80,Y,0,0,,-,,N,-,buy,-,27-11-10,157.91,14.61,7.87,11.2%,10.9%,"转债占流动市值比：11.2%
转债占总市值比：10.9%",0.00,300732,sz123130,有效期：-；质押代码：123130,未到转股期；2022-05-17 开始转股,全价：135.800 最后更新：15:14:03
118002,天合转债,sh688599,天合光能,C,50.51,,2022-02-21,2027-08-12,2025-08-12,,,100.000,y,54.65,30,30,0,0.00,,,4.80,115.000,n,130.000,15,30,0,,X,52.520,52.520,AA,AA,无,,,,shkc,,,未到转股期,118002,2.5400,726599,718599,,N,N,63.350,buy,R,,8.19,N,2073667807.0,1219295285.0,Y,64.70,73348.29,-0.58%,00,buy,buy,buy,15:00:00,128.09,22.22%,5.581,-4.71%,-5.29%,156.560,156.560,0.95%,39303.07,Y,0,0,,-,,N,-,buy,-,27-08-12,178.78,65.66,35.36,6.7%,3.9%,"转债占流动市值比：6.7%
转债占总市值比：3.9%",0.00,688599,sh118002,有效期：-；质押代码：118002,未到转股期；2022-02-21 开始转股,全价：156.560 最后更新：15:00:00
127036,三花转债,sz002050,三花智控,C,21.55,,2021-12-07,2027-05-31,2025-06-02,,,100.000,y,61.57,30,30,0,0.00,,,0.58,110.000,n,130.000,15,30,0,,X,30.000,29.993,AA+,AA+,无,,,,szmb,,,127036,127036,0.8375,082050,072050,,N,N,74.078,buy,R,,8.19,N,3591251288.0,3540901127.0,Y,24.50,26946.09,-2.47%,00,buy,buy,buy,15:14:03,113.69,22.26%,5.381,-3.59%,-4.04%,139.000,139.000,-1.21%,2419.60,Y,0,0,,-,,N,-,buy,-,27-05-31,161.26,28.02,15.09,3.5%,3.4%,"转债占流动市值比：3.5%
转债占总市值比：3.4%",0.00,002050,sz127036,有效期：-；质押代码：127036,127036；2021-12-07 开始转股,全价：139.000 最后更新：15:14:03
110075,南航转债,sh600029,南方航空,C,6.24,,2021-04-21,2026-10-14,2024-10-14,,,100.000,y,61.96,30,30,0,0.91,2022-01-14,2022-01-14,0.72,106.500,n,130.000,15,30,0,,X,160.000,58.960,AAA,AAA,无担保,,,,shmb,,,110075,110075,1.4470,704029,733029,,N,N,76.060,buy,R,,1.62,N,16948438028.0,10219858722.0,Y,7.05,31471.27,-1.12%,00,buy,buy,buy,14:59:56,112.98,22.60%,4.753,-4.83%,-5.18%,138.520,138.520,0.55%,5844.80,Y,0,0,,-,,N,-,buy,-,26-10-14,161.12,8.11,4.37,8.2%,4.9%,"转债占流动市值比：8.2%
转债占总市值比：4.9%",0.00,600029,sh110075,有效期：2022-01-14 到 2022-01-14；质押代码：110075,110075；2021-04-21 开始转股,全价：138.520 最后更新：14:59:56
128109,楚江转债,sz002171,楚江新材,C,8.63,2021-05-31,2020-12-10,2026-06-03,2024-06-03,,,100.000,y,53.75,30,30,0,0.00,,,1.34,110.000,n,130.000,15,30,0,,N,18.300,18.226,AA,AA,无担保,,,,szmb,2021年11月30日公告：本次不行使楚江转债的提前赎回权利，至2022年11月29日均不提前赎回,,128109,128109,1.4176,082171,072171,,N,N,78.850,buy,R,,2.48,N,1334530042.0,1244685323.0,Y,11.24,41554.10,-4.26%,00,buy,buy,buy,15:14:03,130.24,22.85%,4.389,-7.40%,-7.93%,160.000,160.000,-2.15%,3981.59,Y,0,0,G,-,,N,-,buy,-,26-06-03,182.85,11.22,6.04,13.0%,12.2%,"转债占流动市值比：13.0%
转债占总市值比：12.2%",0.00,002171,sz128109,有效期：-；质押代码：128109,128109；2020-12-10 开始转股,全价：160.000 最后更新：15:14:03
127047,帝欧转债,sz002798,帝欧家居,C,13.53,,2022-04-29,2027-10-25,2025-10-27,,,100.000,y,64.12,30,30,0,0.00,,,2.14,115.000,n,130.000,15,30,0,,X,15.000,15.000,AA-,AA-,无担保,,,,szmb,,,未到转股期,127047,3.8770,082798,072798,,N,N,49.880,-,,,1.25,N,386893064.0,222617840.0,Y,14.77,11451.37,-2.70%,00,buy,buy,buy,15:14:03,109.16,22.92%,5.784,-1.89%,-2.47%,134.190,134.190,-1.32%,4315.73,Y,0,0,,-,,N,-,buy,-,27-10-25,157.11,17.59,9.47,45.6%,26.2%,"转债占流动市值比：45.6%
转债占总市值比：26.2%",0.00,002798,sz127047,有效期：-；质押代码：127047,未到转股期；2022-04-29 开始转股,全价：134.190 最后更新：15:14:03
123025,精测转债,sz300567,精测电子,C,49.37,2021-05-28,2019-10-08,2025-03-28,2023-03-29,,,100.000,y,57.08,30,30,0,0.00,,,1.83,112.000,n,130.000,15,30,2,,X,3.750,3.087,AA-,AA-,无担保,,,,szcy,,,123025,123025,2.2919,380567,370567,,N,N,62.670,buy,R,,5.12,N,278143947.0,201520612.0,Y,60.55,19867.56,-1.69%,00,buy,buy,buy,15:14:03,122.65,22.96%,3.205,-7.89%,-8.69%,150.800,150.800,-0.79%,856.02,Y,0,0,,-,,N,-,buy,-,25-03-28,173.76,64.18,34.56,2.5%,1.8%,"转债占流动市值比：2.5%
转债占总市值比：1.8%",0.00,300567,sz123025,有效期：-；质押代码：123025,123025；2019-10-08 开始转股,全价：150.800 最后更新：15:14:03
128053,尚荣转债,sz002551,尚荣医疗,C,4.88,2021-08-11,2019-08-20,2025-02-14,2023-02-14,,,100.000,y,59.62,30,30,0,0.00,,,102.54,110.000,n,130.000,15,30,0,,X,7.500,1.902,AA,AA,未提供担保,,,,szmb,,,128053,128053,1.0624,082551,072551,,N,N,15.800,buy,,,1.53,N,844682953.0,580891384.0,Y,5.73,21998.46,-0.87%,00,buy,buy,buy,15:14:03,117.42,23.27%,3.090,-7.50%,-8.24%,144.738,144.738,-0.44%,28701.61,Y,0,0,,-,,N,-,buy,-,25-02-14,168.01,6.34,3.42,5.7%,3.9%,"转债占流动市值比：5.7%
转债占总市值比：3.9%",0.00,002551,sz128053,有效期：-；质押代码：128053,128053；2019-08-20 开始转股,全价：144.738 最后更新：15:14:03
