bond_id,bond_nm,stock_id,stock_nm,btype,convert_price,convert_price_valid_from,convert_dt,maturity_dt,next_put_dt,put_dt,put_notes,put_price,put_inc_cpn_fl,put_convert_price_ratio,put_count_days,put_total_days,put_real_days,repo_discount_rt,repo_valid_from,repo_valid_to,turnover_rt,redeem_price,redeem_inc_cpn_fl,redeem_price_ratio,redeem_count_days,redeem_total_days,redeem_real_days,redeem_dt,redeem_flag,orig_iss_amt,curr_iss_amt,rating_cd,issuer_rating_cd,guarantor,ssc_dt,esc_dt,sc_notes,market_cd,force_redeem,real_force_redeem_price,convert_cd,repo_cd,ration,ration_cd,apply_cd,online_offline_ratio,qflag,qflag2,ration_rt,fund_rt,margin_flg,lt_bps,pb,pb_flag,total_shares,float_shares,sqflg,sprice,svolume,sincrease_rt,qstatus,bond_value,bond_value2,volatility_rate,last_time,convert_value,premium_rt,year_left,ytm_rt,ytm_rt_tax,price,full_price,increase_rt,volume,convert_price_valid,adj_scnt,adj_cnt,redeem_icon,ref_yield_info,adjust_tip,adjusted,option_tip,bond_value3,left_put_year,short_maturity_dt,dblow,force_redeem_price,put_convert_price,convert_amt_ratio,convert_amt_ratio2,convert_amt_ratio_tips,stock_net_value,stock_cd,pre_bond_id,repo_valid,convert_cd_tip,price_tips
113638,台21转债,sh603055,台华新材,C,16.87,,2022-07-05,2027-12-28,2025-12-29,,,100.000,y,65.17,30,30,0,0.00,,,,112.000,n,130.000,15,30,0,,X,6.000,6.000,AA,AA,,,,,shmb,,,未到转股期,113638,0.6910,753055,754055,,N,N,60.150,-,,,4.38,N,868874372.0,804671904.0,Y,18.12,13354.15,10.02%,00,buy,buy,buy,,107.41,-6.90%,5.948,2.74%,2.21%,100.000,100.000,0.00%,0.00,Y,0,0,,-,,N,-,buy,-,27-12-28,93.10,21.93,11.81,4.1%,3.8%,"转债占流动市值比：4.1%
转债占总市值比：3.8%",0.00,603055,sh113638,有效期：-；质押代码：113638,未到转股期；2022-07-05 开始转股,待上市
113637,华翔转债,sh603112,华翔股份,C,12.99,,2022-06-28,2027-12-22,2025-12-22,,,100.000,y,65.28,30,30,0,0.00,,,,115.000,n,130.000,15,30,0,,X,8.000,8.000,AA-,AA-,无,,,,shmb,,,未到转股期,113637,1.8300,753112,754112,,N,N,77.900,-,,,3.06,N,436090490.0,153864926.0,Y,13.93,3706.59,3.57%,00,buy,buy,buy,,107.24,-6.75%,5.932,3.33%,2.69%,100.000,100.000,0.00%,0.00,Y,0,0,,-,,N,-,buy,-,27-12-22,93.25,16.89,9.09,37.3%,13.2%,"转债占流动市值比：37.3%
转债占总市值比：13.2%",0.00,603112,sh113637,有效期：-；质押代码：113637,未到转股期；2022-06-28 开始转股,待上市
127052,杭锅转债,sz002534,杭锅股份,C,28.08,,2022-06-30,2027-12-23,2025-12-23,,,100.000,y,66.81,30,30,0,0.00,,,,110.000,n,130.000,15,30,0,,X,11.100,11.100,AA,AA,无,,,,szmb,,,未到转股期,127052,1.5445,082534,072534,,N,N,72.180,-,,,6.30,N,739201050.0,725645705.0,Y,29.42,18399.80,-3.89%,00,buy,buy,buy,,104.77,-4.55%,5.934,2.44%,1.97%,100.000,100.000,0.00%,0.00,Y,0,0,,-,,N,-,buy,-,27-12-23,95.45,36.50,19.66,5.2%,5.1%,"转债占流动市值比：5.2%
转债占总市值比：5.1%",0.00,002534,sz127052,有效期：-；质押代码：127052,未到转股期；2022-06-30 开始转股,待上市
123135,泰林转债,sz300813,泰林生物,C,87.38,,2022-07-04,2027-12-27,2025-12-29,,,100.000,y,67.39,30,30,0,0.00,,,,115.000,n,130.000,15,30,0,,X,2.100,2.100,A+,A+,无,,,,szcy,,,未到转股期,123135,4.0407,380813,370813,,N,N,78.220,-,,,9.72,N,51970000.0,16277000.0,Y,90.77,4627.50,-0.41%,00,buy,buy,buy,,103.88,-3.74%,5.945,3.41%,2.76%,100.000,100.000,0.00%,0.00,Y,0,0,,-,,N,-,buy,-,27-12-27,96.26,113.59,61.17,14.2%,4.5%,"转债占流动市值比：14.2%
转债占总市值比：4.5%",0.00,300813,sz123135,有效期：-；质押代码：123135,未到转股期；2022-07-04 开始转股,待上市
123078,飞凯转债,sz300398,飞凯材料,C,15.56,2021-05-31,2021-06-03,2026-11-26,2024-11-26,,,100.000,y,29.77,30,30,0,0.00,,,236.37,110.000,n,120.000,15,30,9,,X,8.250,8.057,AA,AA,无担保,,,,szcy,,,123078,123078,1.5992,380398,370398,,N,N,35.740,buy,R,,6.09,N,516098134.0,509839254.0,Y,36.59,254222.60,12.34%,00,buy,buy,buy,13:30:42,235.15,-2.88%,4.860,-13.37%,-13.81%,228.373,228.373,9.79%,426064.38,Y,1,1,,-,,N,-,buy,-,26-11-26,225.49,18.67,10.89,4.3%,4.3%,"转债占流动市值比：4.3%
转债占总市值比：4.3%",0.00,300398,sz123078,有效期：-；质押代码：123078,123078；2021-06-03 开始转股,全价：228.373 最后更新：13:30:42
113629,泉峰转债,sh603982,泉峰汽车,C,23.03,,2022-03-22,2027-09-13,2025-09-15,,,100.000,y,40.60,30,30,0,0.00,,,52.15,115.000,n,130.000,15,30,0,,X,6.200,6.200,AA-,AA-,无,,,,shmb,,,未到转股期,113629,3.0780,753982,754982,,N,N,36.230,buy,,,4.39,N,201415700.0,81723140.0,Y,39.71,3060.45,-10.00%,00,buy,buy,buy,13:30:39,172.43,-2.46%,5.658,-5.75%,-6.33%,168.180,168.180,-18.18%,55435.56,Y,0,0,,-,,N,-,buy,-,27-09-13,165.72,29.94,16.12,19.1%,7.8%,"转债占流动市值比：19.1%
转债占总市值比：7.8%",0.00,603982,sh113629,有效期：-；质押代码：113629,未到转股期；2022-03-22 开始转股,全价：168.180 最后更新：13:30:39
127007,湖广转债,sz000665,湖北广电,C,5.58,2020-07-17,2019-01-04,2024-06-28,2022-06-28,,,100.000,y,37.02,30,30,0,0.00,,,728.43,108.000,n,130.000,15,30,8,,X,17.336,5.066,AA+,AA+,无担保,,,,szmb,,,127007,127007,2.7248,080665,070665,,N,N,16.550,buy,R,,1.80,N,1014363870.0,1014306085.0,Y,10.55,253124.03,8.65%,00,buy,buy,buy,13:30:42,189.07,-1.57%,2.447,-19.21%,-19.84%,186.100,186.100,7.54%,674330.36,Y,1,1,,-,,N,-,buy,-,24-06-28,184.53,7.25,3.91,4.7%,4.7%,"转债占流动市值比：4.7%
转债占总市值比：4.7%",0.00,000665,sz127007,有效期：-；质押代码：127007,127007；2019-01-04 开始转股,全价：186.100 最后更新：13:30:42
128106,华统转债,sz002840,华统股份,C,9.37,2021-06-30,2020-10-16,2026-04-09,2024-04-09,,,100.000,y,36.00,30,30,0,0.00,,,51.71,108.000,n,130.000,15,30,0,,N,5.500,4.301,AA,AA,连带责任保证,,,,szmb,2021年12月25日公告：本次（2021年12月6日至2021年12月24日）不提前赎回，至2022年6月26日均不提前赎回,,128106,128106,1.9826,082840,072840,,N,N,67.140,buy,,,4.78,N,456240764.0,444778364.0,Y,18.22,11448.54,1.73%,00,buy,buy,buy,13:30:42,194.45,-0.47%,4.227,-12.18%,-12.63%,193.542,193.542,1.86%,42957.63,Y,0,0,G,-,,N,-,buy,-,26-04-09,193.07,12.18,6.56,5.3%,5.2%,"转债占流动市值比：5.3%
转债占总市值比：5.2%",0.00,002840,sz128106,有效期：-；质押代码：128106,128106；2020-10-16 开始转股,全价：193.542 最后更新：13:30:42
113026,核能转债,sh601985,中国核电,C,5.73,2021-07-16,2019-10-21,2025-04-14,2023-04-17,,,100.000,y,53.69,30,30,0,0.86,2022-01-17,2022-01-17,4.54,105.000,n,130.000,15,30,14,,X,78.000,75.052,AAA,AAA,无担保,,,,shmb,,,113026,113026,0.5010,764985,783985,,N,N,79.230,buy,R,,1.75,N,17522710852.0,17074949659.0,Y,7.47,75492.89,1.36%,00,buy,buy,buy,13:30:38,130.37,-0.01%,3.241,-5.40%,-5.89%,130.360,130.360,0.51%,44446.47,Y,0,0,,-,,N,-,buy,-,25-04-14,130.35,7.45,4.01,5.9%,5.7%,"转债占流动市值比：5.9%
转债占总市值比：5.7%",0.00,601985,sh113026,有效期：2022-01-17 到 2022-01-17；质押代码：113026,113026；2019-10-21 开始转股,全价：130.360 最后更新：13:30:38
128050,钧达转债,sz002865,钧达股份,C,14.81,2021-11-26,2019-06-14,2024-12-10,2022-12-10,,,100.000,y,17.43,30,30,0,0.00,,,165.39,118.000,n,130.000,15,30,30,2022-01-27,Y,3.200,0.488,AA-,AA-,中汽塑料,,,,szmb,"最后交易日：2022年1月27日
最后转股日：2022年1月27日
赎回价：100.21元/张",100.210,128050,128050,2.6298,082865,072865,,N,N,17.350,buy,,,7.81,N,137291465.0,133915115.0,Y,59.48,16304.13,0.66%,00,buy,buy,buy,13:30:42,401.62,0.04%,2.899,-,-,401.800,401.800,0.49%,32474.27,Y,1,1,R,-,,N,-,buy,-,24-12-10,401.84,19.25,10.37,0.6%,0.6%,"转债占流动市值比：0.6%
转债占总市值比：0.6%",0.00,002865,sz128050,有效期：-；质押代码：128050,128050；2019-06-14 开始转股,全价：401.800 最后更新：13:30:42
113591,胜达转债,sh603687,大胜达,C,8.76,2021-06-11,2021-01-08,2026-06-30,2024-07-01,,,100.000,y,50.80,30,30,0,0.00,,,13.26,116.000,n,130.000,15,30,8,,X,5.500,5.181,AA-,AA-,股票质押担保,,,,shmb,,,113591,113591,1.3300,753687,754687,,N,N,69.650,buy,,,2.74,N,414413879.0,145371179.0,Y,12.07,3673.65,-1.55%,00,buy,buy,buy,13:30:27,137.79,0.80%,4.452,-2.98%,-3.77%,138.890,138.890,-0.57%,9563.77,Y,2,2,,-,,N,-,buy,-,26-06-30,139.69,11.39,6.13,29.5%,10.4%,"转债占流动市值比：29.5%
转债占总市值比：10.4%",0.00,603687,sh113591,有效期：-；质押代码：113591,113591；2021-01-08 开始转股,全价：138.890 最后更新：13:30:27
128013,洪涛转债,sz002325,洪涛股份,C,2.31,2021-12-13,2017-02-06,2022-07-29,2020-07-29,,,100.000,y,57.75,30,30,0,0.00,,,3.50,108.000,n,130.000,15,30,0,,X,12.000,10.607,A-,A-,无担保,,,,szmb,,,128013,128013,0.9980,082325,072325,10,N,N,,buy,R,,1.27,N,1325359461.0,1003074122.0,Y,2.80,2423.08,0.00%,00,buy,buy,buy,13:30:42,121.21,0.82%,0.529,-21.97%,-24.44%,122.200,122.200,0.37%,4531.85,Y,3,3,,-,,N,-,buy,-,22-07-29,123.02,3.00,1.62,37.8%,28.6%,"转债占流动市值比：37.8%
转债占总市值比：28.6%",0.00,002325,sz128013,有效期：-；质押代码：128013,128013；2017-02-06 开始转股,全价：122.200 最后更新：13:30:42
128085,鸿达转债,sz002002,鸿达兴业,C,3.91,2021-06-22,2020-06-22,2025-12-16,2023-12-18,,,100.000,y,46.95,30,30,0,0.00,,,13.38,118.000,n,130.000,15,30,0,,N,24.270,3.392,B,B,无担保,,,,szmb,2021年12月11日公告：本次不提前赎回鸿达转债，至2022年12月8日前均不提前赎回,,128085,128085,0.9374,082002,072002,,N,N,26.280,buy,R,,1.74,N,3120485457.0,3116603421.0,Y,5.83,25110.16,0.52%,00,buy,buy,buy,13:30:42,149.10,0.91%,3.915,-4.95%,-5.89%,150.452,150.452,1.04%,6792.97,Y,0,0,G,-,,N,-,buy,-,25-12-16,151.36,5.08,2.74,1.9%,1.9%,"转债占流动市值比：1.9%
转债占总市值比：1.9%",0.00,002002,sz128085,有效期：-；质押代码：128085,128085；2020-06-22 开始转股,全价：150.452 最后更新：13:30:42
113626,伯特转债,sh603596,伯特利,C,36.01,2021-10-28,2022-01-05,2027-06-28,2025-06-27,,,100.000,y,29.66,30,30,0,0.00,,,34.48,116.000,n,130.000,15,30,8,,X,9.020,9.017,AA,AA,无,,,,shmb,,,113626,113626,2.2130,753596,754596,,N,N,70.636,buy,,,10.44,N,408446000.0,406626000.0,Y,85.00,49347.99,4.32%,00,buy,buy,buy,13:30:42,236.05,1.25%,5.447,-11.90%,-12.45%,239.010,239.010,3.06%,74468.96,Y,0,0,,-,,N,-,buy,-,27-06-28,240.26,46.81,25.21,2.6%,2.6%,"转债占流动市值比：2.6%
转债占总市值比：2.6%",0.00,603596,sh113626,有效期：-；质押代码：113626,113626；2022-01-05 开始转股,全价：239.010 最后更新：13:30:42
128046,利尔转债,sz002258,利尔化学,C,18.42,2021-04-13,2019-04-23,2024-10-17,2022-10-17,,,100.000,y,39.70,30,30,0,0.00,,,8.10,108.000,n,130.000,20,30,9,,X,8.520,8.076,AA,AA,无担保,,,,szmb,,,128046,128046,1.6247,082258,072258,,N,N,43.380,buy,R,,3.79,N,526773275.0,524181885.0,Y,32.48,27461.41,5.11%,00,buy,buy,buy,13:30:42,176.33,1.61%,2.751,-16.09%,-16.69%,179.176,179.176,4.78%,11527.79,Y,0,0,,-,,N,-,buy,-,24-10-17,180.79,23.95,12.89,4.7%,4.7%,"转债占流动市值比：4.7%
转债占总市值比：4.7%",0.00,002258,sz128046,有效期：-；质押代码：128046,128046；2019-04-23 开始转股,全价：179.176 最后更新：13:30:42
113541,荣晟转债,sh603165,荣晟环保,C,10.84,2021-05-17,2020-02-03,2025-07-22,2023-07-24,,,100.000,y,41.53,30,30,0,0.00,,,31.31,110.000,n,130.000,15,30,0,,N,3.300,1.628,AA-,AA-,股份质押和保证,,,,shmb,2021年11月22日公告：本次（2021年10月12日至2021年11月22日）不行使提前赎回权利，至2022年5月22日均不提前赎回,,113541,113541,1.8600,753165,754165,,N,N,24.502,buy,,,2.73,N,263201890.0,263201890.0,Y,18.27,4518.11,3.28%,00,buy,buy,buy,13:29:37,168.54,1.66%,3.512,-11.07%,-11.68%,171.330,171.330,3.54%,8715.75,Y,1,1,G,-,,N,-,buy,-,25-07-22,172.99,14.09,7.59,3.4%,3.4%,"转债占流动市值比：3.4%
转债占总市值比：3.4%",0.00,603165,sh113541,有效期：-；质押代码：113541,113541；2020-02-03 开始转股,全价：171.330 最后更新：13:29:37
128094,星帅转债,sz002860,星帅尔,C,13.80,2021-06-08,2020-07-22,2026-01-16,2024-01-16,,,100.000,y,42.35,30,30,0,0.00,,,14.94,115.000,n,130.000,15,30,9,,X,2.800,2.089,A+,A+,股份质押和保证,,,,szmb,,,128094,128094,2.3897,082860,072860,,N,N,75.030,buy,,,3.87,N,204206647.0,147145649.0,Y,22.81,7088.91,1.60%,00,buy,buy,buy,13:30:42,165.29,1.73%,4.000,-8.17%,-8.94%,168.147,168.147,1.35%,5241.58,Y,0,0,,-,,N,-,buy,-,26-01-16,169.88,17.94,9.66,6.2%,4.5%,"转债占流动市值比：6.2%
转债占总市值比：4.5%",0.00,002860,sz128094,有效期：-；质押代码：128094,128094；2020-07-22 开始转股,全价：168.147 最后更新：13:30:42
113053,隆22转债,sh601012,隆基股份,C,82.65,,2022-07-11,2028-01-04,2026-01-05,,,100.000,y,71.29,30,30,0,0.00,,,,107.000,n,130.000,15,30,0,,X,70.000,70.000,AAA,AAA,无,,,,shmb,,,未到转股期,113053,1.2930,764012,783012,,N,N,62.100,-,R,,9.55,N,5412952708.0,5412832854.0,Y,81.15,329444.67,2.40%,00,buy,buy,buy,,98.19,1.84%,5.967,1.82%,1.47%,100.000,100.000,0.00%,0.00,Y,0,0,,-,,N,-,buy,-,28-01-04,101.84,107.44,57.85,1.6%,1.6%,"转债占流动市值比：1.6%
转债占总市值比：1.6%",0.00,601012,sh113053,有效期：-；质押代码：113053,未到转股期；2022-07-11 开始转股,待上市
123073,同和转债,sz300636,同和药业,C,14.82,2021-05-18,2021-05-06,2026-10-25,2024-10-26,,,100.000,y,44.09,30,30,0,0.00,,,16.54,116.000,n,130.000,20,30,2,,X,3.600,3.581,A+,A+,无担保,,,,szcy,,,123073,123073,2.7989,380636,370636,,N,N,70.695,buy,,,5.55,N,205906321.0,169027590.0,Y,23.53,4382.43,0.21%,00,buy,buy,buy,13:30:42,158.77,2.05%,4.773,-5.90%,-6.61%,162.027,162.027,-0.80%,9657.59,Y,1,1,,-,,N,-,buy,-,26-10-25,164.08,19.27,10.37,9.0%,7.4%,"转债占流动市值比：9.0%
转债占总市值比：7.4%",0.00,300636,sz123073,有效期：-；质押代码：123073,123073；2021-05-06 开始转股,全价：162.027 最后更新：13:30:42
127011,中鼎转2,sz000887,中鼎股份,C,11.39,2021-06-07,2019-09-16,2025-03-08,2023-03-08,,,100.000,y,30.45,30,30,0,0.00,,,19.20,110.000,n,130.000,15,30,9,,X,12.000,11.987,AA+,AA+,无担保,,,,szmb,,,127011,127011,0.9829,080887,070887,,N,N,63.530,buy,R,,3.36,N,1211364474.0,1208772051.0,Y,26.18,95736.56,7.30%,00,buy,buy,buy,13:30:42,229.85,2.47%,3.140,-20.85%,-21.44%,235.529,235.529,2.52%,53985.72,Y,0,0,,-,,N,-,buy,-,25-03-08,238.00,14.81,7.97,3.8%,3.8%,"转债占流动市值比：3.8%
转债占总市值比：3.8%",0.00,000887,sz127011,有效期：-；质押代码：127011,127011；2019-09-16 开始转股,全价：235.529 最后更新：13:30:42
128103,同德转债,sz002360,同德化工,C,5.08,2021-05-25,2020-10-09,2026-03-25,2024-03-25,,,100.000,y,38.48,30,30,0,0.00,,,41.18,115.000,n,130.000,15,30,9,,X,1.440,0.884,A+,A+,土地、固定资产等抵押方式,,,,szmb,,,128103,128103,0.3859,082360,072360,,N,N,31.100,buy,,,2.75,N,402376378.0,312278270.0,Y,9.24,3442.66,2.67%,00,buy,buy,buy,13:30:42,181.89,3.34%,4.186,-10.14%,-10.88%,187.971,187.971,2.49%,6830.78,Y,0,0,,-,,N,-,buy,-,26-03-25,191.31,6.60,3.56,3.1%,2.4%,"转债占流动市值比：3.1%
转债占总市值比：2.4%",0.00,002360,sz128103,有效期：-；质押代码：128103,128103；2020-10-09 开始转股,全价：187.971 最后更新：13:30:42
123111,东财转3,sz300059,东方财富,C,23.35,2021-05-27,2021-10-13,2027-04-06,2025-04-07,,,100.000,y,49.64,30,30,0,0.00,,,3.13,107.000,n,130.000,15,30,9,,X,158.000,150.855,AA+,AA+,无,,,,szcy,,,123111,123111,1.8344,380059,370059,,N,N,71.340,buy,R,,8.32,N,10366327855.0,8592810347.0,Y,32.93,310119.75,2.20%,00,buy,buy,buy,13:30:42,141.03,3.35%,5.219,-5.22%,-5.56%,145.750,145.750,1.92%,68661.85,Y,0,0,,-,,N,-,buy,-,27-04-06,149.10,30.36,16.34,5.3%,4.4%,"转债占流动市值比：5.3%
转债占总市值比：4.4%",0.00,300059,sz123111,有效期：-；质押代码：123111,123111；2021-10-13 开始转股,全价：145.750 最后更新：13:30:42
132018,G三峡EB1,sh600900,长江电力,E,16.74,2021-07-16,2020-04-13,2024-04-09,2023-04-10,,,100.000,y,51.76,30,30,0,0.92,2022-01-17,2022-01-17,0.34,108.000,y,120.000,15,30,24,,X,200.000,160.494,AAA,AAA,长江电力A股股票及其孳息,,,,shmb,,,132018,132018,,,759001,,N,N,100.000,buy,R,,2.93,N,22741859230.0,22741859230.0,Y,22.64,70205.95,0.85%,00,buy,buy,buy,13:30:38,135.24,3.44%,2.227,-10.47%,-11.16%,139.500,139.889,0.44%,7650.89,Y,0,0,B,-,,N,-,buy,-,24-04-09,142.94,20.09,11.72,3.1%,3.1%,"转债占流动市值比：3.1%
转债占总市值比：3.1%",0.00,600900,sh132018,有效期：2022-01-17 到 2022-01-17；质押代码：132018,132018；2020-04-13 开始转股,全价：139.889 最后更新：13:30:38
118004,博瑞转债,sh688166,博瑞医药,C,35.68,,2022-07-11,2028-01-03,2026-01-05,,,100.000,y,72.42,30,30,0,0.00,,,,115.000,n,130.000,15,30,0,,X,4.650,4.650,AA-,AA-,无,,,,shkc,,,未到转股期,118004,1.1340,726166,718166,,N,N,55.740,-,R,,8.93,N,410000000.0,210912771.0,Y,34.49,17649.48,2.34%,00,buy,buy,buy,,96.66,3.46%,5.964,3.31%,2.68%,100.000,100.000,0.00%,0.00,Y,0,0,,-,,N,-,buy,-,28-01-03,103.46,46.38,24.98,6.4%,3.3%,"转债占流动市值比：6.4%
转债占总市值比：3.3%",0.00,688166,sh118004,有效期：-；质押代码：118004,未到转股期；2022-07-11 开始转股,待上市
123085,万顺转2,sz300057,万顺新材,C,6.20,2021-05-17,2021-06-17,2026-12-10,2024-12-10,,,100.000,y,48.49,30,30,0,0.00,,,6.13,108.000,n,130.000,15,30,9,,X,9.000,8.512,AA-,AA-,无担保,,,,szcy,,,123085,123085,1.3341,380057,370057,,N,N,66.940,buy,,,1.71,N,683644894.0,507430086.0,Y,8.95,12511.25,3.23%,00,buy,buy,buy,13:30:42,144.35,3.76%,4.899,-5.70%,-6.13%,149.784,149.784,2.94%,7763.45,Y,0,0,,-,,N,-,buy,-,26-12-10,153.54,8.06,4.34,18.7%,13.9%,"转债占流动市值比：18.7%
转债占总市值比：13.9%",0.00,300057,sz123085,有效期：-；质押代码：123085,123085；2021-06-17 开始转股,全价：149.784 最后更新：13:30:42
123012,万顺转债,sz300057,万顺新材,C,5.27,2021-05-17,2019-01-26,2024-07-20,2022-07-20,,,100.000,y,41.22,30,30,0,0.00,,,48.86,106.000,n,130.000,15,30,9,,X,9.500,1.225,AA-,AA-,无担保,,,,szcy,,,123012,123012,2.1607,380057,370057,,N,N,2.190,buy,,,1.71,N,683644894.0,507430086.0,Y,8.95,12511.25,3.23%,00,buy,buy,buy,13:30:42,169.83,3.90%,2.507,-17.63%,-18.15%,176.449,176.449,3.24%,10465.00,Y,0,0,,-,,N,-,buy,-,24-07-20,180.35,6.85,3.69,2.7%,2.0%,"转债占流动市值比：2.7%
转债占总市值比：2.0%",0.00,300057,sz123012,有效期：-；质押代码：123012,123012；2019-01-26 开始转股,全价：176.449 最后更新：13:30:42
128128,齐翔转2,sz002408,齐翔腾达,C,5.69,2021-09-29,2021-02-26,2026-08-19,2024-08-19,,,100.000,y,38.26,30,30,0,0.00,,,1.64,110.000,n,130.000,15,30,9,,X,29.900,6.806,AA,AA,无担保,,,,szmb,,,128128,128128,1.7102,082408,072408,,N,N,76.460,buy,R,,2.38,N,2842637146.0,2771179688.0,Y,10.41,17797.80,-0.19%,00,buy,buy,buy,13:30:42,182.95,3.99%,4.589,-10.56%,-11.05%,190.250,190.250,0.03%,2115.56,Y,0,0,,-,,N,-,buy,-,26-08-19,194.24,7.40,3.98,2.4%,2.3%,"转债占流动市值比：2.4%
转债占总市值比：2.3%",0.00,002408,sz128128,有效期：-；质押代码：128128,128128；2021-02-26 开始转股,全价：190.250 最后更新：13:30:42
113534,鼎胜转债,sh603876,鼎胜新材,C,15.18,2020-07-24,2019-10-16,2025-04-08,2023-04-10,,,100.000,y,27.11,30,30,0,0.00,,,25.81,110.000,n,130.000,15,30,0,,N,12.540,4.038,AA-,AA-,无担保,,,,shmb,2021年10月29日公告：本次（2021年10月8日至2021年10月28日）不提前赎回，至2022年1月28日均不提前赎回,,113534,113534,2.9160,753876,754876,,N,N,46.940,buy,,,4.03,N,485976499.0,485976499.0,Y,39.20,21266.57,9.25%,00,buy,buy,buy,13:30:42,258.23,4.45%,3.225,-23.71%,-24.25%,269.720,269.720,8.53%,27140.68,Y,1,1,G,-,,N,-,buy,-,25-04-08,274.17,19.73,10.63,2.1%,2.1%,"转债占流动市值比：2.1%
转债占总市值比：2.1%",0.00,603876,sh113534,有效期：-；质押代码：113534,113534；2019-10-16 开始转股,全价：269.720 最后更新：13:30:42
128081,海亮转债,sz002203,海亮股份,C,9.69,2021-06-23,2020-05-27,2025-11-21,2023-11-21,,,100.000,y,54.09,30,30,0,0.00,,,1.64,110.000,n,130.000,15,30,3,,X,31.500,30.055,AA,AA,无担保,,,,szmb,,,128081,128081,1.6136,082203,072203,,N,N,64.450,buy,R,,2.32,N,1966736307.0,1923941740.0,Y,12.54,19844.68,4.07%,00,buy,buy,buy,13:30:42,129.41,4.63%,3.847,-4.38%,-5.00%,135.400,135.400,2.38%,6640.25,Y,0,0,,-,,N,-,buy,-,25-11-21,140.03,12.60,6.78,12.5%,12.2%,"转债占流动市值比：12.5%
转债占总市值比：12.2%",0.00,002203,sz128081,有效期：-；质押代码：128081,128081；2020-05-27 开始转股,全价：135.400 最后更新：13:30:42
123083,朗新转债,sz300682,朗新科技,C,15.39,2021-12-23,2021-06-15,2026-12-08,2024-12-09,,,100.000,y,29.93,30,30,0,0.00,,,15.45,110.000,n,130.000,15,30,14,,X,8.000,6.010,AA,AA,无担保,,,,szcy,,,123083,123083,0.7833,380682,370682,,N,N,77.260,buy,,,6.79,N,1045521166.0,737572050.0,Y,36.00,11786.43,6.57%,00,buy,buy,buy,13:30:42,233.92,4.65%,4.893,-14.53%,-14.96%,244.800,244.800,8.86%,22016.79,Y,0,0,,-,,N,-,buy,-,26-12-08,249.45,20.01,10.77,2.3%,1.6%,"转债占流动市值比：2.3%
转债占总市值比：1.6%",0.00,300682,sz123083,有效期：-；质押代码：123083,123083；2021-06-15 开始转股,全价：244.800 最后更新：13:30:42
113548,石英转债,sh603688,石英股份,C,14.93,2021-05-28,2020-05-06,2025-10-27,2023-10-27,,,100.000,y,17.91,30,30,0,0.00,,,16.45,118.000,n,130.000,15,30,9,,X,3.600,1.202,AA-,AA-,股份质押和保证,,,,shmb,,,113548,113548,1.0780,753688,754688,,N,N,43.700,buy,R,,9.94,N,353147440.0,353147440.0,Y,58.35,9693.98,2.35%,00,buy,buy,buy,13:30:35,390.82,4.82%,3.778,-27.54%,-28.23%,409.640,409.640,1.74%,8072.60,Y,0,0,,-,,N,-,buy,-,25-10-27,414.46,19.41,10.45,0.6%,0.6%,"转债占流动市值比：0.6%
转债占总市值比：0.6%",0.00,603688,sh113548,有效期：-；质押代码：113548,113548；2020-05-06 开始转股,全价：409.640 最后更新：13:30:35
113585,寿仙转债,sh603896,寿仙谷,C,28.38,2021-06-30,2020-12-15,2026-06-08,2024-06-10,,,100.000,y,35.83,30,30,0,0.00,,,37.29,112.000,n,130.000,15,30,0,,N,3.600,1.008,AA-,AA-,连带责任保证,,,,shmb,2021年9月1日公告：本次（2021年8月11日至2021年8月31日）不行使提前赎回权利，至2022年2月28日均不提前赎回,,113585,113585,2.5080,753896,754896,,N,N,82.309,buy,,,5.62,N,152498417.0,152498417.0,Y,55.44,6098.47,-0.11%,00,buy,buy,buy,13:30:20,195.35,5.45%,4.392,-12.25%,-12.81%,206.000,206.000,0.09%,7783.32,Y,0,0,G,-,,N,-,buy,-,26-06-08,211.45,36.89,19.87,1.2%,1.2%,"转债占流动市值比：1.2%
转债占总市值比：1.2%",0.00,603896,sh113585,有效期：-；质押代码：113585,113585；2020-12-15 开始转股,全价：206.000 最后更新：13:30:20
110084,贵燃转债,sh600903,贵州燃气,C,10.17,,2022-07-01,2027-12-27,2025-12-29,,,100.000,y,73.85,30,30,0,0.00,,,,110.000,n,130.000,15,30,0,,X,10.000,10.000,AA,AA,无,,,,shmb,,,未到转股期,110084,0.8780,704903,733903,,N,N,49.410,-,R,,3.88,N,1138185027.0,1138185027.0,Y,9.64,1589.10,0.42%,00,buy,buy,buy,,94.79,5.50%,5.945,2.44%,1.96%,100.000,100.000,0.00%,0.00,Y,0,0,,-,,N,-,buy,-,27-12-27,105.50,13.22,7.12,9.1%,9.1%,"转债占流动市值比：9.1%
转债占总市值比：9.1%",0.00,600903,sh110084,有效期：-；质押代码：110084,未到转股期；2022-07-01 开始转股,待上市
123092,天壕转债,sz300332,天壕环境,C,5.19,2021-07-12,2021-06-30,2026-12-23,2024-12-23,,,100.000,y,36.11,30,30,0,0.00,,,35.84,115.000,n,130.000,15,30,9,,X,4.230,4.167,A+,A+,无,,,,szcy,,,123092,123092,0.4805,380332,370332,,N,N,55.430,buy,,,2.55,N,881408921.0,841982571.0,Y,10.06,25042.73,-3.18%,00,buy,buy,buy,13:30:42,193.83,5.65%,4.934,-10.28%,-10.90%,204.787,204.787,-1.47%,31250.08,Y,0,0,,-,,N,-,buy,-,26-12-23,210.44,6.75,3.63,4.9%,4.7%,"转债占流动市值比：4.9%
转债占总市值比：4.7%",0.00,300332,sz123092,有效期：-；质押代码：123092,123092；2021-06-30 开始转股,全价：204.787 最后更新：13:30:42
113549,白电转债,sh603861,白云电器,C,9.06,2021-11-16,2020-05-21,2025-11-14,2023-11-14,,,100.000,y,52.76,30,30,0,0.00,,,10.35,110.000,n,130.000,15,30,10,,X,8.800,8.048,AA,AA,无担保,,,,shmb,,,113549,113549,1.9470,753861,753861,,N,N,62.480,buy,,,1.94,N,435981858.0,421289381.0,Y,12.02,7271.18,0.92%,00,buy,buy,buy,13:30:39,132.67,5.59%,3.827,-5.26%,-5.88%,140.080,140.080,1.57%,11620.09,Y,0,0,,-,,N,-,buy,-,25-11-14,145.67,11.78,6.34,15.9%,15.4%,"转债占流动市值比：15.9%
转债占总市值比：15.4%",0.00,603861,sh113549,有效期：-；质押代码：113549,113549；2020-05-21 开始转股,全价：140.080 最后更新：13:30:39
128082,华锋转债,sz002806,华锋股份,C,9.13,2021-03-23,2020-06-10,2025-12-03,2023-12-04,,,100.000,y,44.91,30,30,0,0.00,,,21.05,115.000,n,130.000,15,30,9,,X,3.520,2.036,A,A,土地、房产、机器设备等资产抵 押和股份质押担保,,,,szmb,,,128082,128082,1.9995,082806,072806,,N,N,5.530,buy,,,2.32,N,191703355.0,139230770.0,Y,14.23,3794.73,1.86%,00,buy,buy,buy,13:30:42,155.86,5.69%,3.879,-7.88%,-8.68%,164.724,164.724,3.53%,7014.50,Y,2,2,,-,,N,-,buy,-,25-12-03,170.41,11.87,6.39,10.3%,7.5%,"转债占流动市值比：10.3%
转债占总市值比：7.5%",0.00,002806,sz128082,有效期：-；质押代码：128082,128082；2020-06-10 开始转股,全价：164.724 最后更新：13:30:42
127040,国泰转债,sz002091,江苏国泰,C,9.02,,2022-01-13,2027-07-06,2025-07-07,,,100.000,y,47.55,30,30,0,0.00,,,1.77,108.000,n,130.000,15,30,2,,X,45.574,44.859,AA+,AA+,无,,,,szmb,,,127040,127040,2.9100,082091,072091,,N,N,65.940,buy,R,,2.12,N,1563536598.0,1513016522.0,Y,13.28,12793.77,1.61%,00,buy,buy,buy,13:30:42,147.23,5.63%,5.468,-5.83%,-6.21%,155.522,155.522,2.02%,12154.00,Y,0,0,,-,,N,-,buy,-,27-07-06,161.15,11.73,6.31,22.3%,21.6%,"转债占流动市值比：22.3%
转债占总市值比：21.6%",0.00,002091,sz127040,有效期：-；质押代码：127040,127040；2022-01-13 开始转股,全价：155.522 最后更新：13:30:42
123133,佩蒂转债,sz300673,佩蒂股份,C,19.92,,2022-06-28,2027-12-21,2025-12-22,,,100.000,y,73.97,30,30,0,0.00,,,,115.000,n,130.000,15,30,0,,X,7.200,7.200,AA-,AA-,无,,,,szcy,,,未到转股期,123133,2.8412,380673,370673,,N,N,81.350,-,,,2.87,N,253411200.0,162384480.0,Y,18.85,2729.86,0.53%,00,buy,buy,buy,,94.63,5.67%,5.929,3.25%,2.63%,100.000,100.000,0.00%,0.00,Y,0,0,,-,,N,-,buy,-,27-12-21,105.67,25.90,13.94,23.5%,15.1%,"转债占流动市值比：23.5%
转债占总市值比：15.1%",0.00,300673,sz123133,有效期：-；质押代码：123133,未到转股期；2022-06-28 开始转股,待上市
123052,飞鹿转债,sz300665,飞鹿股份,C,7.05,2021-06-03,2020-12-11,2026-06-04,2024-06-04,,,100.000,y,47.09,30,30,0,0.00,,,18.68,120.000,n,130.000,15,30,0,,N,1.770,1.504,A+,A+,无担保,,,,szcy,2021年8月24日公告：本次（2021年8月4日至2021年8月24日）不提前赎回，至2022年2月24日均不提前赎回,,123052,123052,1.4612,380665,370665,,N,N,75.366,buy,,,3.33,N,173398120.0,132959648.0,Y,10.48,3759.01,1.16%,00,buy,buy,buy,13:30:42,148.65,5.63%,4.381,-4.88%,-5.81%,157.023,157.023,1.20%,4412.07,Y,0,0,G,-,,N,-,buy,-,26-06-04,162.65,9.16,4.93,10.8%,8.3%,"转债占流动市值比：10.8%
转债占总市值比：8.3%",0.00,300665,sz123052,有效期：-；质押代码：123052,123052；2020-12-11 开始转股,全价：157.023 最后更新：13:30:42
123134,卡倍转债,sz300863,卡倍亿,C,92.50,,2022-07-01,2027-12-27,2025-12-29,,,100.000,y,74.03,30,30,0,0.00,,,,115.000,n,130.000,15,30,0,,X,2.790,2.790,A+,A+,无,,,,szcy,,,未到转股期,123134,5.0516,380863,370863,,N,N,79.110,-,R,,7.63,N,55230000.0,18139750.0,Y,87.46,8961.48,1.93%,00,buy,buy,buy,,94.55,5.76%,5.945,3.32%,2.69%,100.000,100.000,0.00%,0.00,Y,0,0,,-,,N,-,buy,-,27-12-27,105.76,120.25,64.75,17.6%,5.8%,"转债占流动市值比：17.6%
转债占总市值比：5.8%",0.00,300863,sz123134,有效期：-；质押代码：123134,未到转股期；2022-07-01 开始转股,待上市
123089,九洲转2,sz300040,九洲集团,C,5.68,2021-07-14,2021-06-25,2026-12-20,2024-12-20,,,100.000,y,45.65,30,30,0,0.00,,,7.53,115.000,n,130.000,15,30,0,,N,5.000,3.063,AA-,AA-,无担保,,,,szcy,2021年10月26日公告：本次（截至2021年10月26日）不行使九洲转2的提前赎回权利，至2022年1月29日均不提前赎回,,123089,123089,1.3144,380040,370040,,N,N,61.460,buy,,,1.94,N,587645532.0,455302906.0,Y,8.71,5885.70,1.28%,00,buy,buy,buy,13:30:42,153.35,5.78%,4.926,-5.94%,-6.59%,162.217,162.217,1.25%,3726.08,Y,0,0,G,-,,N,-,buy,-,26-12-20,168.00,7.38,3.98,7.7%,6.0%,"转债占流动市值比：7.7%
转债占总市值比：6.0%",0.00,300040,sz123089,有效期：-；质押代码：123089,123089；2021-06-25 开始转股,全价：162.217 最后更新：13:30:42
123043,正元转债,sz300645,正元智慧,C,15.38,2021-06-09,2020-09-11,2026-03-04,2024-03-04,,,100.000,y,44.49,30,30,0,0.00,,,317.63,115.000,n,130.000,15,30,15,2022-02-17,Y,1.750,1.656,A+,A+,无担保,,,,szcy,"最后交易日：2022年2月17日
最后转股日：2022年2月17日
赎回价：100.67元/张",100.670,123043,123043,1.3815,380645,370645,,N,N,48.790,buy,,,4.43,N,127655315.0,127655315.0,Y,24.20,22696.60,7.17%,00,buy,buy,buy,13:30:42,157.35,6.13%,4.129,-7.69%,-8.46%,167.000,167.000,-3.64%,89051.22,Y,0,0,R,-,,N,-,buy,-,26-03-04,173.13,19.99,10.77,5.4%,5.4%,"转债占流动市值比：5.4%
转债占总市值比：5.4%",0.00,300645,sz123043,有效期：-；质押代码：123043,123043；2020-09-11 开始转股,全价：167.000 最后更新：13:30:42
128113,比音转债,sz002832,比音勒芬,C,14.60,2021-07-07,2020-12-21,2026-06-14,2024-06-14,,,100.000,y,40.33,30,30,0,0.00,,,2.39,112.000,n,130.000,15,30,9,,X,6.890,2.979,AA,AA,无担保,,,,szmb,,,128113,128113,1.3147,082832,072832,,N,N,85.110,buy,,,4.66,N,550326712.0,369037012.0,Y,25.34,2162.62,0.32%,00,buy,buy,buy,13:30:42,173.56,6.21%,4.408,-9.98%,-10.56%,184.339,184.339,0.35%,1309.28,Y,0,0,,-,,N,-,buy,-,26-06-14,190.55,18.98,10.22,3.2%,2.1%,"转债占流动市值比：3.2%
转债占总市值比：2.1%",0.00,002832,sz128113,有效期：-；质押代码：128113,128113；2020-12-21 开始转股,全价：184.339 最后更新：13:30:42
128091,新天转债,sz002873,新天药业,C,11.62,2021-11-10,2020-07-06,2025-12-30,2024-01-01,,,100.000,y,33.93,30,30,0,0.00,,,364.01,113.000,n,130.000,15,30,0,,N,1.770,1.547,A+,A+,房产抵押和股份质押,,,,szmb,2022年1月13日公告：本次（2021年12月22日至2022年1月12日）不提前赎回，至2022年6月30日均不提前赎回,,128091,128091,1.5410,082873,072873,,N,N,46.250,buy,,,4.40,N,164048027.0,155115979.0,Y,23.97,32014.84,-2.56%,00,buy,buy,buy,13:30:42,206.28,6.12%,3.953,-14.62%,-15.27%,218.905,218.905,-1.35%,126226.54,Y,0,0,G,-,,N,-,buy,-,25-12-30,225.03,15.11,8.13,4.2%,3.9%,"转债占流动市值比：4.2%
转债占总市值比：3.9%",0.00,002873,sz128091,有效期：-；质押代码：128091,128091；2020-07-06 开始转股,全价：218.905 最后更新：13:30:42
123097,美力转债,sz300611,美力科技,C,9.28,2021-07-09,2021-08-02,2027-01-26,2025-01-27,,,100.000,y,52.73,30,30,0,0.00,,,24.41,115.000,n,130.000,15,30,6,,X,3.000,2.999,A+,A+,无,,,,szcy,,,123097,123097,1.7295,380611,370611,,N,N,57.250,buy,,,2.74,N,178963188.0,121740438.0,Y,12.32,5621.13,3.79%,00,buy,buy,buy,13:30:42,132.76,6.22%,5.027,-2.97%,-3.67%,141.023,141.023,2.19%,10325.19,Y,0,0,,-,,N,-,buy,-,27-01-26,147.24,12.06,6.50,20.0%,13.6%,"转债占流动市值比：20.0%
转债占总市值比：13.6%",0.00,300611,sz123097,有效期：-；质押代码：123097,123097；2021-08-02 开始转股,全价：141.023 最后更新：13:30:42
123086,海兰转债,sz300065,海兰信,C,7.27,2021-07-15,2021-06-17,2026-12-10,2024-12-10,,,100.000,y,35.15,30,30,0,0.00,,,72.05,118.000,n,130.000,15,30,9,,X,7.300,4.817,AA-,AA-,无担保,,,,szcy,,,123086,123086,1.8358,380065,370065,,N,N,59.780,buy,R,,5.20,N,629856814.0,561534233.0,Y,14.48,43518.84,5.23%,00,buy,buy,buy,13:30:42,199.17,6.37%,4.899,-10.64%,-11.32%,211.850,211.850,6.38%,71717.09,Y,1,1,,-,,N,-,buy,-,26-12-10,218.22,9.45,5.09,5.9%,5.3%,"转债占流动市值比：5.9%
转债占总市值比：5.3%",0.00,300065,sz123086,有效期：-；质押代码：123086,123086；2021-06-17 开始转股,全价：211.850 最后更新：13:30:42
123031,晶瑞转债,sz300655,晶瑞电材,C,10.13,2021-05-07,2020-03-05,2025-08-28,2023-08-28,,,100.000,y,17.98,30,30,0,0.00,,,21.69,111.000,n,130.000,15,30,13,,X,1.850,0.530,A+,A+,无担保,,,,szcy,,,123031,123031,1.2217,380655,370655,,N,N,8.110,buy,,,8.62,N,340639856.0,289329418.0,Y,39.44,19796.20,2.74%,00,buy,buy,buy,13:30:42,389.34,6.64%,3.614,-30.18%,-30.64%,415.205,415.205,0.95%,4750.77,Y,0,0,,-,,N,-,buy,-,25-08-28,421.84,13.17,7.09,0.5%,0.4%,"转债占流动市值比：0.5%
转债占总市值比：0.4%",0.00,300655,sz123031,有效期：-；质押代码：123031,123031；2020-03-05 开始转股,全价：415.205 最后更新：13:30:42
113609,永安转债,sh603776,永安行,C,16.48,2021-06-11,2021-05-31,2026-11-23,2024-11-25,,,100.000,y,57.28,30,30,0,0.00,,,6.23,115.000,n,130.000,15,30,2,,X,8.860,7.338,AA-,AA-,无担保,,,,shmb,,,113609,113609,4.7620,753776,754776,,N,N,81.304,buy,R,,1.36,N,233447522.0,231880822.0,Y,20.14,10702.16,1.36%,00,buy,buy,buy,13:30:42,122.21,6.87%,4.852,-1.74%,-2.43%,130.600,130.600,0.14%,5950.50,Y,0,0,,-,,N,-,buy,-,26-11-23,137.47,21.42,11.54,15.7%,15.6%,"转债占流动市值比：15.7%
转债占总市值比：15.6%",0.00,603776,sh113609,有效期：-；质押代码：113609,113609；2021-05-31 开始转股,全价：130.600 最后更新：13:30:42
128130,景兴转债,sz002067,景兴纸业,C,3.40,,2021-03-04,2026-08-30,2024-08-30,,,100.000,y,67.00,30,30,0,0.00,,,1.11,110.000,n,130.000,15,30,0,,X,12.800,9.987,AA,AA,无担保,,,,szmb,,,128130,128130,1.1519,082067,072067,,N,N,53.140,buy,R,,0.91,N,1193928835.0,1056303835.0,Y,4.06,4896.41,1.50%,00,buy,buy,buy,13:30:27,119.41,6.98%,4.619,-2.33%,-2.88%,127.742,127.742,0.51%,1411.81,Y,0,0,,-,,N,-,buy,-,26-08-30,134.72,4.42,2.72,23.3%,20.6%,"转债占流动市值比：23.3%
转债占总市值比：20.6%",0.00,002067,sz128130,有效期：-；质押代码：128130,128130；2021-03-04 开始转股,全价：127.742 最后更新：13:30:27
128100,搜特转债,sz002503,搜于特,C,1.62,2021-08-17,2020-09-18,2026-03-11,2024-03-11,,,100.000,y,65.55,30,30,0,0.00,,,15.15,112.000,n,130.000,15,30,0,,X,8.000,7.991,A,A,无担保,,,,szmb,,,128100,128100,0.2622,082503,072503,,N,N,9.330,buy,R,,3.23,N,3092868251.0,2543064601.0,Y,1.73,28617.96,2.98%,00,buy,buy,buy,13:30:42,106.79,6.44%,4.148,0.69%,-0.03%,113.669,113.669,1.70%,13796.15,Y,2,2,,-,,N,-,buy,-,26-03-11,120.11,2.11,1.13,18.2%,14.9%,"转债占流动市值比：18.2%
转债占总市值比：14.9%",0.00,002503,sz128100,有效期：-；质押代码：128100,128100；2020-09-18 开始转股,全价：113.669 最后更新：13:30:42
113525,台华转债,sh603055,台华新材,C,7.78,2021-05-28,2019-06-21,2024-12-16,2022-12-17,,,100.000,y,30.06,30,30,0,0.00,,,78.48,110.000,n,130.000,15,30,0,,N,5.330,1.854,AA,AA,无担保,,,,shmb,2021年12月28日公告：本次（2021年12月7日至2021年12月27日）不提前赎回，至2022年3月27日均不提前赎回,,113525,113525,0.9730,753055,754055,,N,N,29.060,buy,,,4.38,N,868874372.0,804671904.0,Y,18.12,13354.15,10.02%,00,buy,buy,buy,13:30:39,232.90,7.34%,2.915,-24.02%,-24.60%,250.000,250.000,9.52%,35691.40,Y,0,0,G,-,,N,-,buy,-,24-12-16,257.34,10.11,5.45,1.3%,1.2%,"转债占流动市值比：1.3%
转债占总市值比：1.2%",0.00,603055,sh113525,有效期：-；质押代码：113525,113525；2019-06-21 开始转股,全价：250.000 最后更新：13:30:39
123067,斯莱转债,sz300382,斯莱克,C,9.36,2021-06-30,2021-03-23,2026-09-16,2024-09-16,,,100.000,y,28.35,30,30,0,0.00,,,24.34,115.000,n,130.000,15,30,0,,N,3.880,2.400,AA-,AA-,无担保,,,,szcy,2021年11月15日公告：本次不行使提前赎回权利，至2022年2月23日均不提前赎回,,123067,123067,0.6940,380382,370382,,N,N,19.960,buy,,,11.26,N,580381337.0,580323512.0,Y,23.11,15925.01,-0.17%,00,buy,buy,buy,13:30:42,246.90,7.42%,4.666,-15.76%,-16.35%,265.223,265.223,0.90%,15467.27,Y,0,0,G,-,,N,-,buy,-,26-09-16,272.64,12.17,6.55,1.8%,1.8%,"转债占流动市值比：1.8%
转债占总市值比：1.8%",0.00,300382,sz123067,有效期：-；质押代码：123067,123067；2021-03-23 开始转股,全价：265.223 最后更新：13:30:42
123046,天铁转债,sz300587,天铁股份,C,6.73,2021-12-07,2020-09-25,2026-03-18,2024-03-18,,,100.000,y,24.94,30,30,0,0.00,,,23.24,112.000,n,130.000,15,30,0,,N,3.990,0.595,AA-,AA-,无担保,,,,szcy,2021年12月28日公告：本次（2021年12月7日至2021年12月27日）不提前赎回，至2022年6月27日均不提前赎回,,123046,123046,2.1957,380587,370587,,N,N,52.910,buy,,,6.94,N,628245517.0,478444620.0,Y,18.89,6046.18,-1.67%,00,buy,buy,buy,13:30:42,280.68,8.02%,4.167,-20.64%,-21.17%,303.181,303.181,-1.42%,4230.65,Y,0,0,G,-,,N,-,buy,-,26-03-18,311.20,8.75,4.71,0.7%,0.5%,"转债占流动市值比：0.7%
转债占总市值比：0.5%",0.00,300587,sz123046,有效期：-；质押代码：123046,123046；2020-09-25 开始转股,全价：303.181 最后更新：13:30:42
113537,文灿转债,sh603348,文灿股份,C,19.28,2021-06-18,2019-12-16,2025-06-09,2023-06-12,,,100.000,y,20.88,30,30,0,0.00,,,272.26,115.000,n,130.000,15,30,0,,N,8.000,1.406,AA-,AA-,无担保,,,,shmb,2021年10月27日公告：本次不行使文灿转债的提前赎回权利，至2022年4月27日前均不提前赎回,,113537,113537,3.6360,753348,754348,,N,N,18.080,buy,,,6.37,N,262171258.0,257431258.0,Y,64.64,26273.87,-0.69%,00,buy,buy,buy,13:30:43,335.27,8.05%,3.395,-28.09%,-28.75%,362.260,362.260,-0.27%,141137.82,Y,0,0,G,-,,N,-,buy,-,25-06-09,370.31,25.06,13.50,0.8%,0.8%,"转债占流动市值比：0.8%
转债占总市值比：0.8%",0.00,603348,sh113537,有效期：-；质押代码：113537,113537；2019-12-16 开始转股,全价：362.260 最后更新：13:30:43
113567,君禾转债,sh603617,君禾股份,C,10.58,2021-12-09,2020-09-10,2026-03-03,2024-03-04,,,100.000,y,56.58,30,30,0,0.00,,,7.81,113.000,n,130.000,15,30,0,,X,2.100,2.099,A+,A+,股票质押担保,,,,shmb,,,113567,113567,1.4730,753617,754617,,N,N,70.840,buy,,,4.54,N,259301043.0,199462981.0,Y,13.09,2783.67,-4.17%,00,buy,buy,buy,13:30:44,123.72,8.16%,4.126,-2.91%,-3.67%,133.820,133.820,-1.81%,2219.56,Y,0,0,,-,,N,-,buy,-,26-03-03,141.98,13.75,7.41,8.0%,6.2%,"转债占流动市值比：8.0%
转债占总市值比：6.2%",0.00,603617,sh113567,有效期：-；质押代码：113567,113567；2020-09-10 开始转股,全价：133.820 最后更新：13:30:44
128111,中矿转债,sz002738,中矿资源,C,15.45,2022-01-06,2020-12-17,2026-06-10,2024-06-10,,,100.000,y,18.39,30,30,0,0.00,,,65.95,118.000,n,130.000,15,30,0,,N,8.000,1.447,AA-,AA-,无担保,,,,szmb,2021年1月28日公告，本次（2020年12月17日至2021年1月28日）不行使提前赎回权利不提前赎回，至2022年1月28日前均不提前赎回,,128111,128111,2.8784,082738,072738,,N,N,70.254,buy,,,5.12,N,325175572.0,296108329.0,Y,58.82,57550.21,2.31%,00,buy,buy,buy,13:30:42,380.71,8.30%,4.397,-24.24%,-24.86%,412.309,412.309,2.69%,39116.28,Y,0,0,G,-,,N,-,buy,-,26-06-10,420.61,20.09,10.81,0.8%,0.8%,"转债占流动市值比：0.8%
转债占总市值比：0.8%",0.00,002738,sz128111,有效期：-；质押代码：128111,128111；2020-12-17 开始转股,全价：412.309 最后更新：13:30:42
123027,蓝晓转债,sz300487,蓝晓科技,C,29.02,2021-06-24,2019-12-17,2025-06-10,2023-06-12,,,100.000,y,18.80,30,30,0,0.00,,,97.88,113.000,n,130.000,15,30,0,,N,3.400,1.070,A+,A+,无担保,,,,szcy,2021年11月1日公告：本次（2021年9月9日至2021年10月29日）不行使提前赎回权利，至2022年1月29日前均不提前赎回,,123027,123027,1.6461,380487,370487,,N,N,71.900,buy,,,11.89,N,219785441.0,128363816.0,Y,108.03,30263.02,2.00%,00,buy,buy,buy,13:30:42,372.26,8.36%,3.397,-30.69%,-31.27%,403.387,403.387,3.42%,41693.25,Y,0,0,G,-,,N,-,buy,-,25-06-10,411.75,37.73,20.31,0.8%,0.5%,"转债占流动市值比：0.8%
转债占总市值比：0.5%",0.00,300487,sz123027,有效期：-；质押代码：123027,123027；2019-12-17 开始转股,全价：403.387 最后更新：13:30:42
128025,特一转债,sz002728,特一药业,C,13.80,2021-12-01,2018-06-12,2023-12-06,2021-12-06,,,100.000,y,50.31,30,30,0,0.00,,,127.41,106.000,n,130.000,15,30,4,,X,3.540,2.977,AA-,AA-,许丹青的股票,,,,szmb,,,128025,128025,1.7700,082728,072728,,N,N,74.250,buy,,,4.04,N,221643927.0,127186140.0,Y,19.20,35242.80,1.05%,00,buy,buy,buy,13:30:42,139.13,8.46%,1.885,-16.57%,-17.17%,150.900,150.900,1.96%,56389.52,Y,1,1,,-,,N,-,buy,-,23-12-06,159.36,17.94,9.66,12.2%,7.0%,"转债占流动市值比：12.2%
转债占总市值比：7.0%",0.00,002728,sz128025,有效期：-；质押代码：128025,128025；2018-06-12 开始转股,全价：150.900 最后更新：13:30:42
128093,百川转债,sz002455,百川股份,C,5.77,2021-05-27,2020-07-09,2026-01-03,2024-01-03,,,100.000,y,31.41,30,30,0,0.00,,,12.20,120.000,n,130.000,20,30,9,,X,5.200,1.614,AA-,AA-,自有资产抵押担保,,,,szmb,,,128093,128093,1.0314,082455,072455,,N,N,19.690,buy,,,4.03,N,565949304.0,450664327.0,Y,12.86,12044.48,-0.92%,00,buy,buy,buy,13:30:42,222.88,8.53%,3.964,-15.06%,-15.99%,241.885,241.885,-0.25%,4755.70,Y,0,0,,-,,N,-,buy,-,26-01-03,250.41,7.50,4.04,2.8%,2.2%,"转债占流动市值比：2.8%
转债占总市值比：2.2%",0.00,002455,sz128093,有效期：-；质押代码：128093,128093；2020-07-09 开始转股,全价：241.885 最后更新：13:30:42
127042,嘉美转债,sz002969,嘉美包装,C,4.87,,2022-02-14,2027-08-09,2025-08-11,,,100.000,y,61.31,30,30,0,0.00,,,1.05,112.000,n,130.000,15,30,0,,X,7.500,7.500,AA,AA,无,,,,szmb,,,未到转股期,127042,0.7809,082969,072969,,N,N,8.550,-,,,2.34,N,962265735.0,444176962.0,Y,5.56,1930.02,0.36%,00,buy,buy,buy,13:30:42,114.17,8.93%,5.562,-1.09%,-1.62%,124.362,124.362,0.64%,976.00,Y,0,0,,-,,N,-,buy,-,27-08-09,133.29,6.33,3.41,30.4%,14.0%,"转债占流动市值比：30.4%
转债占总市值比：14.0%",0.00,002969,sz127042,有效期：-；质押代码：127042,未到转股期；2022-02-14 开始转股,全价：124.362 最后更新：13:30:42
128096,奥瑞转债,sz002701,奥瑞金,C,4.50,2021-06-09,2020-08-17,2026-02-11,2024-02-12,,,100.000,y,45.72,30,30,0,0.00,,,5.99,110.000,n,130.000,15,30,9,,X,10.870,5.663,AA+,AA+,无担保,,,,szmb,,,128096,128096,0.4614,082701,072701,,N,N,58.210,buy,R,,2.29,N,2447652008.0,2445438132.0,Y,6.89,21316.32,0.58%,00,buy,buy,buy,13:30:42,153.11,9.12%,4.071,-8.86%,-9.44%,167.080,167.080,0.59%,5655.94,Y,0,0,,-,,N,-,buy,-,26-02-11,176.20,5.85,3.15,3.4%,3.4%,"转债占流动市值比：3.4%
转债占总市值比：3.4%",0.00,002701,sz128096,有效期：-；质押代码：128096,128096；2020-08-17 开始转股,全价：167.080 最后更新：13:30:42
123127,耐普转债,sz300818,耐普矿机,C,37.00,,2022-05-04,2027-10-28,2025-10-28,,,100.000,y,53.82,30,30,0,0.00,,,35.33,110.000,n,130.000,15,30,0,,X,4.000,4.000,A+,A+,无,,,,szcy,,,未到转股期,123127,5.7870,380818,370818,,N,N,22.780,-,,,3.58,N,70000000.0,31453000.0,Y,48.12,18180.79,3.37%,00,buy,buy,buy,13:30:42,130.05,9.43%,5.781,-3.51%,-3.98%,142.320,142.320,2.43%,19978.09,Y,0,0,,-,,N,-,buy,-,27-10-28,151.75,48.10,25.90,26.4%,11.9%,"转债占流动市值比：26.4%
转债占总市值比：11.9%",0.00,300818,sz123127,有效期：-；质押代码：123127,未到转股期；2022-05-04 开始转股,全价：142.320 最后更新：13:30:42
123112,万讯转债,sz300112,万讯自控,C,8.93,2021-05-28,2021-10-14,2027-04-07,2025-04-07,,,100.000,y,47.54,30,30,0,0.00,,,42.14,118.000,n,130.000,15,30,0,,N,2.457,2.454,AA-,AA-,无,,,,szcy,2021年11月27日公告：本次（2021年11月1日至2021年11月26日）不行使提前赎回权利，至2022年2月26日均不提前赎回,,123112,123112,0.8599,380112,370112,,N,N,30.520,-,,,3.27,N,285779089.0,219186741.0,Y,13.15,13083.60,0.92%,00,buy,buy,buy,13:30:42,147.26,9.73%,5.222,-4.98%,-5.70%,161.583,161.583,0.49%,16722.79,Y,0,0,G,-,,N,-,buy,-,27-04-07,171.31,11.61,6.25,8.5%,6.5%,"转债占流动市值比：8.5%
转债占总市值比：6.5%",0.00,300112,sz123112,有效期：-；质押代码：123112,123112；2021-10-14 开始转股,全价：161.583 最后更新：13:30:42
123075,贝斯转债,sz300580,贝斯特,C,23.74,2021-05-24,2021-05-06,2026-11-01,2024-11-01,,,100.000,y,45.64,30,30,0,0.00,,,70.29,110.000,n,130.000,15,30,4,,X,6.000,5.997,AA-,AA-,无担保,,,,szcy,,,123075,123075,3.0000,380580,370580,,N,N,84.750,buy,,,3.78,N,200010790.0,186527665.0,Y,36.41,16743.60,13.89%,00,buy,buy,buy,13:30:42,153.37,9.98%,4.792,-7.79%,-8.29%,168.680,168.680,7.85%,70531.95,Y,0,0,,-,,N,-,buy,-,26-11-01,178.66,30.86,16.62,8.8%,8.2%,"转债占流动市值比：8.8%
转债占总市值比：8.2%",0.00,300580,sz123075,有效期：-；质押代码：123075,123075；2021-05-06 开始转股,全价：168.680 最后更新：13:30:42
123110,九典转债,sz300705,九典制药,C,26.44,2021-05-19,2021-10-08,2027-03-31,2025-03-31,,,100.000,y,53.18,30,30,0,0.00,,,13.24,115.000,n,130.000,15,30,3,,X,2.700,2.698,A+,A+,无,,,,szcy,,,123110,123110,1.1505,380705,370705,,N,N,44.270,buy,,,7.67,N,234687298.0,142890383.0,Y,34.80,6715.94,1.49%,00,buy,buy,buy,13:30:42,131.62,10.06%,5.203,-3.41%,-4.07%,144.855,144.855,0.59%,5143.96,Y,0,0,,-,,N,-,buy,-,27-03-31,154.91,34.37,18.51,5.4%,3.3%,"转债占流动市值比：5.4%
转债占总市值比：3.3%",0.00,300705,sz123110,有效期：-；质押代码：123110,123110；2021-10-08 开始转股,全价：144.855 最后更新：13:30:42
123103,震安转债,sz300767,震安科技,C,56.89,2021-06-11,2021-09-22,2027-03-11,2025-03-11,,,100.000,y,43.01,30,30,0,0.00,,,6.84,115.000,n,130.000,15,30,0,,N,2.850,2.525,A+,A+,无,,,,szcy,2021年10月21日公告：本次（2021年9月22日至2021年10月19日）不行使提前赎回权利，至2022年4月20日均不提前赎回,,123103,123103,1.9791,380767,370767,,N,N,53.950,buy,,,14.83,N,202170726.0,118282633.0,Y,92.58,4816.04,1.25%,00,buy,buy,buy,13:30:42,162.74,10.40%,5.148,-7.48%,-8.11%,179.657,179.657,3.39%,3049.46,Y,0,0,G,-,,N,-,buy,-,27-03-11,190.06,73.96,39.82,2.3%,1.3%,"转债占流动市值比：2.3%
转债占总市值比：1.3%",0.00,300767,sz123103,有效期：-；质押代码：123103,123103；2021-09-22 开始转股,全价：179.657 最后更新：13:30:42
128040,华通转债,sz002758,浙农股份,C,10.03,2022-01-17,2018-12-21,2024-06-13,2022-06-14,,,100.000,y,59.05,30,30,0,0.00,,,4.00,108.000,n,130.000,15,30,0,,X,2.240,2.222,AA,AA,出质人钱木水、沈剑巢、朱国良将其合法拥有的公司股票作为质押资产进行质押担保，钱木水、沈剑巢、朱国良为本次发行可转债提供连带责任保证,,,,szmb,,,128040,128040,1.0666,082758,072758,,N,N,29.770,buy,,,1.75,N,500508037.0,195027600.0,Y,11.89,2320.17,0.00%,00,buy,buy,buy,13:30:36,118.54,10.67%,2.405,-6.72%,-7.50%,131.188,131.188,0.10%,1171.89,Y,0,0,,-,,N,-,buy,-,24-06-13,141.86,13.04,7.02,9.6%,3.7%,"转债占流动市值比：9.6%
转债占总市值比：3.7%",0.00,002758,sz128040,有效期：-；质押代码：128040,128040；2018-12-21 开始转股,全价：131.188 最后更新：13:30:36
113039,嘉泽转债,sh601619,嘉泽新能,C,3.46,2021-06-11,2021-03-01,2026-08-23,2024-08-23,,,100.000,y,52.09,30,30,0,0.00,,,7.23,108.000,n,130.000,15,30,0,,N,13.000,2.885,AA,AA,无担保,,,,shmb,2022年1月6日公告：本次（2021年12月15日至2022年1月5日）不提前赎回，至2022年4月5日均不提前赎回,,113039,113039,0.6260,764619,783619,,N,N,76.530,buy,,,2.34,N,2434220009.0,2365350009.0,Y,4.65,9000.51,1.09%,00,buy,buy,buy,13:30:40,134.39,11.15%,4.600,-6.02%,-6.48%,149.370,149.370,0.97%,3099.60,Y,0,0,G,-,,N,-,buy,-,26-08-23,160.52,4.50,2.42,2.6%,2.5%,"转债占流动市值比：2.6%
转债占总市值比：2.5%",0.00,601619,sh113039,有效期：-；质押代码：113039,113039；2021-03-01 开始转股,全价：149.370 最后更新：13:30:40
123063,大禹转债,sz300021,大禹节水,C,4.83,2021-06-16,2021-02-03,2026-07-27,2025-07-28,,,100.000,y,56.54,30,30,0,0.00,,,5.20,120.000,n,130.000,15,30,0,,X,6.380,6.346,AA-,AA-,无担保,,,,szcy,,,123063,123063,0.8100,380021,370021,,N,N,68.990,buy,,,2.92,N,801074638.0,639330960.0,Y,5.98,20021.80,5.47%,00,buy,buy,buy,13:30:42,123.81,11.14%,4.526,-1.95%,-2.87%,137.600,137.600,2.73%,4482.88,Y,0,0,,-,,N,-,buy,-,26-07-27,148.74,6.28,3.38,16.6%,13.2%,"转债占流动市值比：16.6%
转债占总市值比：13.2%",0.00,300021,sz123063,有效期：-；质押代码：123063,123063；2021-02-03 开始转股,全价：137.600 最后更新：13:30:42
113025,明泰转债,sh601677,明泰铝业,C,11.00,2021-05-14,2019-10-16,2025-04-09,2023-04-10,,,100.000,y,18.11,30,30,0,0.00,,,3.06,110.000,n,130.000,15,30,0,,N,18.390,10.966,AA,AA,无担保,,,,shmb,2021年7月19日公告：本次（2021年6月29日至2021年7月19日）不行使明泰转债的提前赎回权利，至2022年1月18日均不提前赎回,,113025,113025,3.1170,764677,783677,,N,N,24.000,buy,,,2.84,N,682582320.0,682436220.0,Y,42.51,15588.20,3.20%,00,buy,buy,buy,13:30:41,386.45,11.44%,3.227,-,-,430.650,430.650,5.76%,14113.49,Y,0,0,G,-,,N,-,buy,-,25-04-09,442.09,14.30,7.70,3.8%,3.8%,"转债占流动市值比：3.8%
转债占总市值比：3.8%",0.00,601677,sh113025,有效期：-；质押代码：113025,113025；2019-10-16 开始转股,全价：430.650 最后更新：13:30:41
128095,恩捷转债,sz002812,恩捷股份,C,64.92,2021-04-30,2020-08-17,2026-02-11,2024-02-12,,,100.000,y,16.46,30,30,0,0.00,,,13.69,110.000,n,130.000,15,30,30,,X,16.000,4.541,AA,AA,无担保,,,,szmb,,,128095,128095,1.9866,082812,072812,,N,N,77.840,buy,R,,19.17,N,892406822.0,742019714.0,Y,276.08,212918.05,7.30%,00,buy,buy,buy,13:30:42,425.26,11.69%,4.071,-,-,474.988,474.988,4.86%,29662.54,Y,0,0,B,-,,N,-,buy,-,26-02-11,486.68,84.40,45.44,0.2%,0.2%,"转债占流动市值比：0.2%
转债占总市值比：0.2%",0.00,002812,sz128095,有效期：-；质押代码：128095,128095；2020-08-17 开始转股,全价：474.988 最后更新：13:30:42
123071,天能转债,sz300569,天能重工,C,7.91,2021-08-02,2021-04-27,2026-10-20,2024-10-21,,,100.000,y,42.46,30,30,0,0.00,,,4.77,115.000,n,130.000,15,30,0,,N,7.000,6.943,AA-,AA-,无担保,,,,szcy,2021年10月15日公告：本次（2021年9月15日至2021年10月14日）不提前赎回，至2022年10月14日均不提前赎回,,123071,123071,1.7863,380569,370569,,N,N,70.512,buy,,,2.86,N,797386255.0,571997143.0,Y,13.04,8382.48,1.80%,00,buy,buy,buy,13:30:42,164.85,11.77%,4.759,-8.65%,-9.30%,184.258,184.258,1.35%,6102.21,Y,1,1,G,-,,N,-,buy,-,26-10-20,196.03,10.28,5.54,9.3%,6.7%,"转债占流动市值比：9.3%
转债占总市值比：6.7%",0.00,300569,sz123071,有效期：-；质押代码：123071,123071；2021-04-27 开始转股,全价：184.258 最后更新：13:30:42
132014,18中化EB,sh601117,中国化学,E,7.39,2021-09-10,2019-04-25,2023-04-24,2022-04-24,,,100.000,y,49.79,30,30,0,1.07,2022-01-17,2022-01-17,0.34,106.000,y,130.000,15,30,0,,N,35.000,14.906,AAA,AAA,预备用于交换的中国化学股票设定为本次债券的担保物,,,,shmb,2021年8月19日公告：本次（2021年7月8日至2021年8月18日）不提前赎回，至2022年3月18日均不提前赎回,,132014,132014,,,,,Q,Q,,buy,R,,1.28,N,6109470588.0,4933000000.0,Y,10.39,31408.35,1.96%,00,buy,buy,buy,11:25:01,140.60,12.14%,1.266,-26.07%,-26.89%,157.000,157.663,2.67%,795.11,Y,0,0,G,-,,N,-,buy,-,23-04-24,169.14,9.61,5.17,2.9%,2.3%,"转债占流动市值比：2.9%
转债占总市值比：2.3%",0.00,601117,sh132014,有效期：2022-01-17 到 2022-01-17；质押代码：132014,132014；2019-04-25 开始转股,全价：157.663 最后更新：11:25:01
113550,常汽转债,sh603035,常熟汽饰,C,9.33,2021-05-28,2020-05-22,2025-11-17,2023-11-17,,,100.000,y,29.31,30,30,0,0.00,,,251.31,115.000,n,130.000,15,30,0,,N,9.924,2.147,AA-,AA-,无担保,,,,shmb,2021年12月3日公告：本次（2021年11月12日至2021年12月2日）不行使提前赎回权利，至2022年3月2日）均不提前赎回,,113550,113550,3.5440,753035,754035,,N,N,49.290,buy,,,2.03,N,360749112.0,360749112.0,Y,22.28,65347.03,8.68%,00,buy,buy,buy,13:30:40,238.80,12.15%,3.836,-19.09%,-19.77%,267.820,267.820,10.23%,143173.23,Y,0,0,G,-,,N,-,buy,-,25-11-17,279.97,12.13,6.53,2.7%,2.7%,"转债占流动市值比：2.7%
转债占总市值比：2.7%",0.00,603035,sh113550,有效期：-；质押代码：113550,113550；2020-05-22 开始转股,全价：267.820 最后更新：13:30:40
111000,起帆转债,sh605222,起帆电缆,C,20.10,2021-10-29,2021-11-29,2027-05-24,2025-05-23,,,100.000,y,55.07,30,30,0,0.00,,,1.19,115.000,n,130.000,15,30,1,,X,10.000,9.997,AA-,AA-,无,,,,shmb,,,111000,111000,,715222,713222,,N,N,35.980,buy,,,2.96,N,418213213.0,100016213.0,Y,25.55,8832.36,-0.89%,00,buy,buy,buy,13:30:41,127.11,12.40%,5.351,-3.19%,-3.81%,142.870,142.870,-0.16%,1701.17,Y,0,0,,-,,N,-,buy,-,27-05-24,155.27,26.13,14.07,39.1%,9.4%,"转债占流动市值比：39.1%
转债占总市值比：9.4%",0.00,605222,sh111000,有效期：-；质押代码：111000,111000；2021-11-29 开始转股,全价：142.870 最后更新：13:30:41
128075,远东转债,sz002406,远东传动,C,5.29,2021-07-13,2020-03-27,2025-09-23,2023-09-25,,,100.000,y,59.92,30,30,0,0.00,,,0.75,110.000,n,130.000,15,30,0,,X,8.940,5.438,AA,AA,无担保,,,,szmb,,,128075,128075,1.5930,082406,072406,,N,N,42.076,buy,,,1.14,N,624158139.0,496148542.0,Y,6.18,2449.92,1.81%,00,buy,buy,buy,13:30:42,116.82,12.63%,3.685,-3.81%,-4.47%,131.577,131.577,0.88%,536.52,Y,0,0,,-,,N,-,buy,-,25-09-23,144.21,6.88,3.70,17.7%,14.1%,"转债占流动市值比：17.7%
转债占总市值比：14.1%",0.00,002406,sz128075,有效期：-；质押代码：128075,128075；2020-03-27 开始转股,全价：131.577 最后更新：13:30:42
123109,昌红转债,sz300151,昌红科技,C,28.06,2021-06-02,2021-10-08,2027-03-31,2025-03-31,,,100.000,y,55.75,30,30,0,0.00,,,3.55,115.000,n,130.000,15,30,0,,N,4.600,4.596,AA-,AA-,无,,,,szcy,2021年11月30日公告：本次（2021年11月1日至2021年11月29日）不行使提前赎回权利，至2022年5月27日均不提前赎回,,123109,123109,0.9263,380151,370151,,N,N,29.800,buy,,,15.76,N,502506221.0,315770871.0,Y,35.23,9201.20,0.51%,00,buy,buy,buy,13:30:39,125.55,12.54%,5.203,-3.00%,-3.65%,141.298,141.298,-1.81%,2316.87,Y,0,0,G,-,,N,-,buy,-,27-03-31,153.84,36.48,19.64,4.1%,2.6%,"转债占流动市值比：4.1%
转债占总市值比：2.6%",0.00,300151,sz123109,有效期：-；质押代码：123109,123109；2021-10-08 开始转股,全价：141.298 最后更新：13:30:39
127029,中钢转债,sz000928,中钢国际,C,5.79,2021-09-24,2021-09-27,2027-03-18,2025-03-18,,,100.000,y,53.40,30,30,0,0.00,,,2.15,113.000,n,130.000,15,30,0,,N,9.600,8.195,AA+,AA+,无,,,,szmb,2021年10月26日公告：本次（2021年9月27日至10月26日）不行使提前赎回权利，至2022年4月25日前均不提前赎回,,127029,127029,0.7639,080928,070928,,N,N,20.710,buy,R,,1.61,N,1280919103.0,1280887903.0,Y,7.59,9147.84,-0.13%,00,buy,buy,buy,13:30:42,131.09,12.79%,5.167,-4.41%,-4.96%,147.850,147.850,0.13%,2606.66,Y,0,0,G,-,,N,-,buy,-,27-03-18,160.64,7.53,4.05,8.4%,8.4%,"转债占流动市值比：8.4%
转债占总市值比：8.4%",0.00,000928,sz127029,有效期：-；质押代码：127029,127029；2021-09-27 开始转股,全价：147.850 最后更新：13:30:42
123042,银河转债,sz300619,金银河,C,23.59,2021-12-10,2020-07-20,2026-01-13,2024-01-15,,,100.000,y,23.01,30,30,0,0.00,,,79.75,110.000,n,130.000,15,30,9,,X,1.670,0.975,A+,A+,无担保,,,,szcy,,,123042,123042,2.2316,380619,370619,,N,N,49.650,buy,,,10.85,N,84664538.0,59449716.0,Y,71.78,10156.99,-0.94%,00,buy,buy,buy,13:30:42,304.28,12.73%,3.992,-24.31%,-24.75%,343.024,343.024,-0.91%,26705.31,Y,0,0,,-,,N,-,buy,-,26-01-13,355.75,30.67,16.51,2.3%,1.6%,"转债占流动市值比：2.3%
转债占总市值比：1.6%",0.00,300619,sz123042,有效期：-；质押代码：123042,123042；2020-07-20 开始转股,全价：343.024 最后更新：13:30:42
123035,利德转债,sz300296,利亚德,C,6.96,2021-05-24,2020-05-20,2025-11-13,2023-11-13,,,100.000,y,44.17,30,30,0,0.00,,,8.66,110.000,n,130.000,15,30,0,,N,8.000,7.988,AA+,AA+,无担保,,,,szcy,2021年8月6日公告：本次（自2021年7月19日至2021年8月6日）不行使提前赎回的权利，至2022年2月6日均不提前赎回,,123035,123035,0.3174,380296,370296,,N,N,53.270,buy,R,,3.65,N,2542901478.0,1988702066.0,Y,11.03,97660.77,1.10%,00,buy,buy,buy,13:30:42,158.48,12.74%,3.825,-11.19%,-11.75%,178.663,178.663,1.39%,12305.17,Y,0,0,G,-,,N,-,buy,-,25-11-13,191.40,9.05,4.87,3.6%,2.8%,"转债占流动市值比：3.6%
转债占总市值比：2.8%",0.00,300296,sz123035,有效期：-；质押代码：123035,123035；2020-05-20 开始转股,全价：178.663 最后更新：13:30:42
123080,海波转债,sz300517,海波重科,C,11.58,2021-06-01,2021-06-08,2026-12-01,2024-12-02,,,100.000,y,60.49,30,30,0,0.00,,,2.12,120.000,n,130.000,15,30,0,,X,2.450,2.435,A+,A+,无担保,,,,szcy,,,123080,123080,2.2955,380517,370517,,N,N,77.246,buy,,,2.82,N,192182818.0,112564498.0,Y,13.40,858.16,0.60%,00,buy,buy,buy,13:30:42,115.72,12.78%,4.874,-0.73%,-1.60%,130.510,130.510,0.53%,671.12,Y,0,0,,-,,N,-,buy,-,26-12-01,143.29,15.05,8.11,16.1%,9.5%,"转债占流动市值比：16.1%
转债占总市值比：9.5%",0.00,300517,sz123080,有效期：-；质押代码：123080,123080；2021-06-08 开始转股,全价：130.510 最后更新：13:30:42
113568,新春转债,sh603667,五洲新春,C,8.75,2021-06-15,2020-09-14,2026-03-05,2024-03-05,,,100.000,y,40.11,30,30,0,0.00,,,5.03,118.000,n,130.000,15,30,0,,N,3.300,2.436,AA-,AA-,无担保,,,,shmb,2021年8月10日公告：本次（2021年7月12日至2021年8月10日）不行使提前赎回权利，至2022年2月10日均不提前赎回,,113568,113568,1.1600,753667,754667,,N,N,15.920,buy,,,2.40,N,301173285.0,265065997.0,Y,15.27,3172.69,0.13%,00,buy,buy,buy,13:30:43,174.51,12.89%,4.132,-10.77%,-11.60%,197.010,197.010,0.67%,2421.67,Y,0,0,G,-,,N,-,buy,-,26-03-05,209.90,11.38,6.12,6.0%,5.3%,"转债占流动市值比：6.0%
转债占总市值比：5.3%",0.00,603667,sh113568,有效期：-；质押代码：113568,113568；2020-09-14 开始转股,全价：197.010 最后更新：13:30:43
127028,英特转债,sz000411,英特集团,C,13.22,2021-12-24,2021-07-12,2027-01-04,2025-01-06,,,100.000,y,61.73,30,30,0,0.00,,,6.94,108.000,n,130.000,15,30,0,,X,6.000,5.989,AA+,AA+,无担保,,,,szmb,,,127028,127028,2.4102,080411,070411,,N,N,52.150,buy,,,2.03,N,255376150.0,207422211.0,Y,14.99,8318.63,1.83%,00,buy,buy,buy,13:30:42,113.39,13.01%,4.967,-2.58%,-3.02%,128.140,128.140,1.30%,5296.29,Y,1,1,,-,,N,-,buy,-,27-01-04,141.15,17.19,9.25,19.3%,15.6%,"转债占流动市值比：19.3%
转债占总市值比：15.6%",0.00,000411,sz127028,有效期：-；质押代码：127028,127028；2021-07-12 开始转股,全价：128.140 最后更新：13:30:42
128145,日丰转债,sz002953,日丰股份,C,13.66,2021-06-02,2021-09-27,2027-03-21,2025-03-21,,,100.000,y,55.30,30,30,0,0.00,,,1.75,110.000,n,130.000,30,30,0,,X,3.800,3.797,AA-,AA-,股份质押的担保方式,,,,szmb,,,128145,128145,2.1854,082953,072953,,N,N,79.780,buy,,,3.39,N,243382760.0,74669185.0,Y,17.29,2828.36,-0.69%,00,buy,buy,buy,13:30:39,126.57,13.10%,5.175,-4.16%,-4.65%,143.150,143.150,-0.03%,949.85,Y,0,0,,-,,N,-,buy,-,27-03-21,156.25,17.76,9.56,29.4%,9.0%,"转债占流动市值比：29.4%
转债占总市值比：9.0%",0.00,002953,sz128145,有效期：-；质押代码：128145,128145；2021-09-27 开始转股,全价：143.150 最后更新：13:30:39
113504,艾华转债,sh603989,艾华集团,C,20.81,2021-06-24,2018-09-08,2024-03-02,2022-03-02,,,100.000,y,39.69,30,30,0,0.00,,,1.32,106.000,n,130.000,15,30,0,,N,6.910,4.628,AA,AA,无担保,,,,shmb,2022年1月7日公告：本次（2021年12月17日至2022年1月7日）不提前赎回，至2022年4月7日均不提前赎回,,113504,113504,2.3030,753989,754989,,N,N,82.470,buy,R,,4.99,N,400813533.0,400813533.0,Y,36.70,4064.78,2.60%,00,buy,buy,buy,13:30:22,176.36,13.22%,2.123,-25.07%,-25.61%,199.680,199.680,3.46%,1205.48,Y,1,1,G,-,,N,-,buy,-,24-03-02,212.90,27.05,14.57,3.1%,3.1%,"转债占流动市值比：3.1%
转债占总市值比：3.1%",0.00,603989,sh113504,有效期：-；质押代码：113504,113504；2018-09-08 开始转股,全价：199.680 最后更新：13:30:22
113027,华钰转债,sh601020,ST华钰,C,10.17,,2019-12-20,2025-06-13,2023-06-14,,,100.000,y,60.95,30,30,0,0.00,,,11.03,110.000,n,130.000,15,30,0,,N,6.400,3.098,A,A,无担保,,,,shmb,2021年11月10日公告，本次（2021年10月19日至2021年11月9日）不行使提前赎回权利，至2022年4月18日均不提前赎回,,113027,113027,1.2160,764020,783020,,N,N,4.450,buy,,,2.42,N,555312548.0,555314020.0,Y,11.68,9218.13,-2.10%,00,buy,buy,buy,13:30:42,114.85,13.82%,3.405,-3.94%,-4.65%,130.720,130.720,-1.17%,4471.71,Y,0,0,G,-,,N,-,buy,-,25-06-13,144.54,13.22,7.12,4.8%,4.8%,"转债占流动市值比：4.8%
转债占总市值比：4.8%",0.00,601020,sh113027,有效期：-；质押代码：113027,113027；2019-12-20 开始转股,全价：130.720 最后更新：13:30:42
127013,创维转债,sz000810,创维数字,C,11.29,2021-06-10,2019-10-21,2025-04-15,2023-04-17,,,100.000,y,53.22,30,30,0,0.00,,,61.39,113.000,n,130.000,15,30,0,,X,10.400,9.778,AA,AA,无担保,,,,szmb,,,127013,127013,0.9821,080810,070810,,N,N,26.600,buy,R,,3.62,N,1063237105.0,1030222093.0,Y,14.85,104750.67,10.00%,00,buy,buy,buy,13:30:42,131.53,13.89%,3.244,-7.40%,-8.24%,149.800,149.800,10.35%,85618.30,Y,0,0,,-,,N,-,buy,-,25-04-15,163.69,14.68,7.90,6.4%,6.2%,"转债占流动市值比：6.4%
转债占总市值比：6.2%",0.00,000810,sz127013,有效期：-；质押代码：127013,127013；2019-10-21 开始转股,全价：149.800 最后更新：13:30:42
113545,金能转债,sh603113,金能科技,C,10.43,2021-05-31,2020-04-20,2025-10-13,2023-10-13,,,100.000,y,47.44,30,30,0,0.00,,,1.15,110.000,n,130.000,15,30,0,,N,15.000,9.867,AA,AA,无担保,,,,shmb,2021年12月23日公告：本次（2021年12月3日至2021年12月23日）不提前赎回，至2022年3月22日均不提前赎回,,113545,113545,2.2190,753113,754113,,N,N,47.100,buy,R,,1.47,N,855071934.0,723665890.0,Y,15.39,7410.66,0.92%,00,buy,buy,buy,13:30:26,147.56,13.92%,3.740,-9.96%,-10.54%,168.100,168.100,0.47%,1908.94,Y,0,0,G,-,,N,-,buy,-,25-10-13,182.02,13.56,7.30,8.9%,7.5%,"转债占流动市值比：8.9%
转债占总市值比：7.5%",0.00,603113,sh113545,有效期：-；质押代码：113545,113545；2020-04-20 开始转股,全价：168.100 最后更新：13:30:26
118000,嘉元转债,sh688388,嘉元科技,C,78.74,2021-05-06,2021-09-01,2027-02-22,2025-02-24,,,100.000,y,40.49,30,30,0,0.00,,,10.29,115.000,n,130.000,15,30,14,,X,12.400,9.789,AA-,AA-,无,,,,shkc,,,118000,118000,5.3700,726388,718388,,N,N,70.922,buy,R,,10.01,N,234191983.0,170867583.0,Y,136.14,47827.02,2.88%,00,buy,buy,buy,13:30:37,172.90,13.91%,5.101,-9.27%,-9.88%,196.950,196.950,1.34%,19827.36,Y,0,0,,-,,N,-,buy,-,27-02-22,210.86,102.36,55.12,4.2%,3.1%,"转债占流动市值比：4.2%
转债占总市值比：3.1%",0.00,688388,sh118000,有效期：-；质押代码：118000,118000；2021-09-01 开始转股,全价：196.950 最后更新：13:30:37
113610,灵康转债,sh603669,灵康药业,C,8.61,2021-05-31,2021-06-07,2026-11-30,2024-11-29,,,100.000,y,62.59,30,30,0,0.00,,,3.99,115.000,n,130.000,15,30,0,,X,5.250,4.580,AA-,AA-,控股股东灵康控股保证的担保方式,,,,shmb,,,113610,113610,0.7350,753669,754669,,N,N,78.680,buy,,,4.72,N,721227382.0,721227382.0,Y,9.63,2431.49,-0.21%,00,buy,buy,buy,13:30:04,111.85,14.09%,4.871,-1.16%,-1.87%,127.610,127.610,-0.30%,2323.65,Y,0,0,,-,,N,-,buy,-,26-11-30,141.70,11.19,6.03,6.6%,6.6%,"转债占流动市值比：6.6%
转债占总市值比：6.6%",0.00,603669,sh113610,有效期：-；质押代码：113610,113610；2021-06-07 开始转股,全价：127.610 最后更新：13:30:04
113051,节能转债,sh601016,节能风电,C,4.05,,2021-12-27,2027-06-21,2025-06-20,,,100.000,y,52.99,30,30,0,0.00,,,2.53,110.000,n,130.000,15,30,14,,X,30.000,29.994,AA+,AA+,无担保,,,,shmb,,,113051,113051,0.5980,764016,783016,,N,N,63.210,buy,R,,2.52,N,5012803191.0,4480612872.0,Y,5.35,25524.42,-0.74%,00,buy,buy,buy,13:30:39,132.10,14.27%,5.427,-5.03%,-5.47%,150.950,150.950,1.23%,11468.84,Y,0,0,,-,,N,-,buy,-,27-06-21,165.22,5.26,2.83,12.5%,11.2%,"转债占流动市值比：12.5%
转债占总市值比：11.2%",0.00,601016,sh113051,有效期：-；质押代码：113051,113051；2021-12-27 开始转股,全价：150.950 最后更新：13:30:39
128048,张行转债,sz002839,张家港行,C,5.60,2021-07-08,2019-05-16,2024-11-12,,,,,y,,15,30,0,0.00,,,0.67,109.000,n,130.000,15,30,0,,X,25.000,24.975,AA+,AA+,无担保,,,,szmb,,,128048,128048,1.3831,082839,072839,,N,N,28.880,buy,R,,0.80,N,1807959258.0,1521751142.0,Y,6.17,14659.66,1.15%,00,buy,buy,buy,13:30:36,110.18,14.49%,2.822,-4.10%,-4.84%,126.150,126.150,0.72%,2099.19,Y,0,0,,-,,N,-,buy,-,24-11-12,140.64,7.28,-,26.6%,22.4%,"转债占流动市值比：26.6%
转债占总市值比：22.4%",0.00,002839,sz128048,有效期：-；质押代码：128048,128048；2019-05-16 开始转股,全价：126.150 最后更新：13:30:36
110077,洪城转债,sh600461,洪城环境,C,6.71,2021-07-09,2021-05-26,2026-11-19,2024-11-19,,,100.000,y,56.86,30,30,0,0.00,,,0.12,110.000,n,130.000,15,30,1,,X,18.000,17.678,AA+,AA+,无担保,,,,shmb,,,110077,110077,1.8980,704461,733461,,N,N,81.140,buy,,,1.38,N,952834715.0,915365970.0,Y,8.26,2382.27,-0.36%,00,buy,buy,buy,13:26:15,123.10,14.56%,4.841,-4.47%,-4.93%,141.020,141.020,-0.59%,296.49,Y,0,0,,-,,N,-,buy,-,26-11-19,155.58,8.72,4.70,23.4%,22.5%,"转债占流动市值比：23.4%
转债占总市值比：22.5%",0.00,600461,sh110077,有效期：-；质押代码：110077,110077；2021-05-26 开始转股,全价：141.020 最后更新：13:26:15
128141,旺能转债,sz002034,旺能环境,C,15.97,2021-05-31,2021-06-23,2026-12-16,2024-12-16,,,100.000,y,55.37,30,30,0,0.00,,,5.69,110.000,n,130.000,15,30,0,,X,14.000,12.702,AA,AA,无担保,,,,szmb,,,128141,128141,3.3225,082034,072034,,N,N,69.760,buy,,,1.67,N,429491129.0,426240243.0,Y,20.19,13106.73,2.28%,00,buy,buy,buy,13:30:42,126.42,14.66%,4.915,-4.71%,-5.21%,144.950,144.950,2.44%,10447.73,Y,0,0,,-,,N,-,buy,-,26-12-16,159.61,20.76,11.18,14.8%,14.6%,"转债占流动市值比：14.8%
转债占总市值比：14.6%",0.00,002034,sz128141,有效期：-；质押代码：128141,128141；2021-06-23 开始转股,全价：144.950 最后更新：13:30:42
123100,朗科转债,sz300543,朗科智能,C,11.61,2021-05-26,2021-08-23,2027-02-08,2025-02-10,,,100.000,y,58.72,30,30,0,0.00,,,0.89,112.000,n,130.000,15,30,6,,X,3.800,3.799,AA-,AA-,无,,,,szcy,,,123100,123100,1.8421,380543,380543,,N,N,12.940,buy,,,3.55,N,268174890.0,199696919.0,Y,13.84,4773.75,3.90%,00,buy,buy,buy,13:30:42,119.21,14.75%,5.063,-3.02%,-3.59%,136.792,136.792,1.70%,458.32,Y,0,0,,-,,N,-,buy,-,27-02-08,151.54,15.09,8.13,13.7%,10.2%,"转债占流动市值比：13.7%
转债占总市值比：10.2%",0.00,300543,sz123100,有效期：-；质押代码：123100,123100；2021-08-23 开始转股,全价：136.792 最后更新：13:30:42
113570,百达转债,sh603331,百达精工,C,11.34,2021-06-30,2020-09-17,2026-03-10,2024-03-11,,,100.000,y,61.49,30,30,0,0.00,,,3.36,110.000,n,130.000,15,30,0,,X,2.800,2.799,A+,A+,股份质押的担保,,,,shmb,,,113570,113570,2.1800,753331,754331,,N,N,46.370,buy,,,2.63,N,178159917.0,175419917.0,Y,12.91,980.29,1.18%,00,buy,buy,buy,13:29:12,113.84,14.80%,4.145,-3.12%,-3.73%,130.690,130.690,0.76%,1220.96,Y,0,0,,-,,N,-,buy,-,26-03-10,145.49,14.74,7.94,12.4%,12.2%,"转债占流动市值比：12.4%
转债占总市值比：12.2%",0.00,603331,sh113570,有效期：-；质押代码：113570,113570；2020-09-17 开始转股,全价：130.690 最后更新：13:29:12
128087,孚日转债,sz002083,孚日股份,C,4.50,2021-04-28,2020-06-23,2025-12-17,2023-12-18,,,100.000,y,63.25,30,30,0,0.00,,,6.72,108.000,n,130.000,15,30,0,,X,6.500,6.497,AA-,AA-,无担保,,,,szmb,,,128087,128087,0.7403,082083,072083,,N,N,47.200,buy,,,1.20,N,908045977.0,905433276.0,Y,4.98,10507.60,2.05%,00,buy,buy,buy,13:30:42,110.67,15.04%,3.918,-3.21%,-3.75%,127.310,127.310,3.19%,5547.85,Y,1,1,,-,,N,-,buy,-,25-12-17,142.35,5.85,3.15,14.4%,14.4%,"转债占流动市值比：14.4%
转债占总市值比：14.4%",0.00,002083,sz128087,有效期：-；质押代码：128087,128087；2020-06-23 开始转股,全价：127.310 最后更新：13:30:42
128121,宏川转债,sz002930,宏川智慧,C,19.89,2021-10-11,2021-01-25,2026-07-16,2024-07-16,,,100.000,y,61.94,30,30,0,0.00,,,4.12,108.000,n,130.000,15,30,9,,X,6.700,6.699,AA-,AA-,无担保,,,,szmb,,,128121,128121,1.5099,082930,072930,,N,N,77.700,buy,,,4.42,N,446826731.0,424324536.0,Y,22.48,3825.93,1.17%,00,buy,buy,buy,13:30:42,113.02,14.94%,4.496,-3.13%,-3.63%,129.910,129.910,1.57%,3539.63,Y,0,0,,-,,N,-,buy,-,26-07-16,144.85,25.86,13.92,7.0%,6.7%,"转债占流动市值比：7.0%
转债占总市值比：6.7%",0.00,002930,sz128121,有效期：-；质押代码：128121,128121；2021-01-25 开始转股,全价：129.910 最后更新：13:30:42
123054,思特转债,sz300608,思特奇,C,12.63,2021-05-26,2020-12-16,2026-06-09,2024-06-10,,,100.000,y,55.78,30,30,0,0.00,,,243.22,115.000,n,130.000,15,30,0,,X,2.710,2.074,AA-,AA-,无担保,,,,szcy,,,123054,123054,1.7214,380608,370608,,N,N,69.580,-,,,3.84,N,209910067.0,163171064.0,Y,15.85,43562.67,8.56%,00,buy,buy,buy,13:30:42,125.49,15.15%,4.395,-4.01%,-4.78%,144.504,144.504,3.96%,72698.47,Y,0,0,,-,,N,-,buy,-,26-06-09,159.65,16.42,8.84,8.0%,6.2%,"转债占流动市值比：8.0%
转债占总市值比：6.2%",0.00,300608,sz123054,有效期：-；质押代码：123054,123054；2020-12-16 开始转股,全价：144.504 最后更新：13:30:42
113588,润达转债,sh603108,润达医疗,C,13.25,2021-07-16,2020-12-23,2026-06-16,2024-06-17,,,100.000,y,58.67,30,30,0,0.00,,,11.47,109.000,n,130.000,15,30,0,,X,5.500,5.499,AA,AA,无担保,,,,shmb,,,113588,113588,0.9490,753108,754108,,N,N,58.090,buy,R,,2.69,N,579538395.0,579538395.0,Y,15.81,44391.69,-3.24%,00,buy,buy,buy,13:30:30,119.32,15.09%,4.414,-4.23%,-4.76%,137.320,137.320,0.05%,8665.02,Y,0,0,,-,,N,-,buy,-,26-06-16,152.41,17.23,9.28,6.0%,6.0%,"转债占流动市值比：6.0%
转债占总市值比：6.0%",0.00,603108,sh113588,有效期：-；质押代码：113588,113588；2020-12-23 开始转股,全价：137.320 最后更新：13:30:30
123045,雷迪转债,sz300652,雷迪克,C,19.63,2021-07-01,2020-09-18,2026-03-11,2024-03-11,,,100.000,y,59.18,30,30,0,0.00,,,15.34,113.000,n,130.000,15,30,0,,X,2.880,1.660,A+,A+,无担保,,,,szcy,,,123045,123045,3.2784,380652,370652,,N,N,44.120,buy,,,2.24,N,94082005.0,83507961.0,Y,23.22,3244.36,2.56%,00,buy,buy,buy,13:30:42,118.29,15.09%,4.148,-3.29%,-4.04%,136.135,136.135,0.85%,3457.69,Y,0,0,,-,,N,-,buy,-,26-03-11,151.22,25.52,13.74,8.6%,7.6%,"转债占流动市值比：8.6%
转债占总市值比：7.6%",0.00,300652,sz123045,有效期：-；质押代码：123045,123045；2020-09-18 开始转股,全价：136.135 最后更新：13:30:42
123060,苏试转债,sz300416,苏试试验,C,19.05,2022-01-11,2021-01-27,2026-07-20,2024-07-22,,,100.000,y,39.75,30,30,0,0.00,,,6.32,112.000,n,130.000,15,30,0,,N,3.100,3.097,AA-,AA-,无担保,,,,szcy,2021年11月5日公告：本次（2021年10月18日至2021年11月5日）不行使提前赎回权利，至2022年5月5日均不提前赎回,,123060,123060,1.5243,380416,370416,,N,N,75.120,buy,,,8.92,N,284582225.0,261781906.0,Y,33.55,7287.48,4.68%,00,buy,buy,buy,13:30:39,176.12,15.09%,4.507,-11.64%,-12.19%,202.704,202.704,3.97%,3919.68,Y,0,0,G,-,,N,-,buy,-,26-07-20,217.79,24.77,13.34,3.5%,3.2%,"转债占流动市值比：3.5%
转债占总市值比：3.2%",0.00,300416,sz123060,有效期：-；质押代码：123060,123060；2021-01-27 开始转股,全价：202.704 最后更新：13:30:39
128107,交科转债,sz002061,浙江交科,C,5.24,2021-07-13,2020-10-28,2026-04-22,2024-04-22,,,100.000,y,63.79,30,30,0,0.00,,,1.03,110.000,n,130.000,15,30,0,,X,25.000,24.997,AA+,AA+,无担保,,,,szmb,,,128107,128107,1.8173,082061,072061,,N,N,83.390,buy,,,0.87,N,1375702619.0,1375702619.0,Y,5.75,5251.18,-0.17%,00,buy,buy,buy,13:30:15,109.73,15.64%,4.263,-2.35%,-2.95%,126.890,126.890,-0.09%,3255.08,Y,0,0,,-,,N,-,buy,-,26-04-22,142.53,6.81,3.67,31.6%,31.6%,"转债占流动市值比：31.6%
转债占总市值比：31.6%",0.00,002061,sz128107,有效期：-；质押代码：128107,128107；2020-10-28 开始转股,全价：126.890 最后更新：13:30:15
123105,拓尔转债,sz300229,拓尔思,C,9.96,2021-08-12,2021-09-27,2027-03-18,2025-03-18,,,100.000,y,58.44,30,30,0,0.00,,,1.71,115.000,n,130.000,15,30,0,,X,8.000,7.999,AA-,AA-,无,,,,szcy,,,123105,123105,1.1157,380229,370229,,N,N,57.500,buy,,,3.53,N,714757283.0,713331742.0,Y,11.93,23534.16,4.56%,00,buy,buy,buy,13:30:39,119.78,15.52%,5.167,-2.60%,-3.27%,138.367,138.367,1.46%,1882.72,Y,0,0,,-,,N,-,buy,-,27-03-18,153.89,12.95,6.97,9.4%,9.4%,"转债占流动市值比：9.4%
转债占总市值比：9.4%",0.00,300229,sz123105,有效期：-；质押代码：123105,123105；2021-09-27 开始转股,全价：138.367 最后更新：13:30:39
128017,金禾转债,sz002597,金禾实业,C,21.97,2021-05-21,2018-08-07,2023-11-01,2021-11-01,,,100.000,y,35.64,30,30,0,0.00,,,2.56,106.000,n,130.000,15,30,30,,X,6.000,5.519,AA,AA,无担保,,,,szmb,,,128017,128017,1.0633,082597,072597,,N,N,89.139,buy,R,,4.53,N,560913735.0,559486768.0,Y,43.15,17420.72,2.93%,00,buy,buy,buy,13:30:42,196.40,15.64%,1.789,-34.35%,-34.83%,227.111,227.111,2.77%,3183.53,Y,0,0,B,-,,N,-,buy,-,23-11-01,242.75,28.56,15.38,2.3%,2.3%,"转债占流动市值比：2.3%
转债占总市值比：2.3%",0.00,002597,sz128017,有效期：-；质押代码：128017,128017；2018-08-07 开始转股,全价：227.111 最后更新：13:30:42
113577,春秋转债,sh603890,春秋电子,C,10.85,2021-09-03,2020-10-20,2026-04-13,2024-04-15,,,100.000,y,51.35,30,30,0,0.00,,,82.48,112.000,n,130.000,15,30,1,,X,2.400,1.778,AA-,AA-,股份质押担保和保证,,,,shmb,,,113577,113577,0.8750,753890,754890,,N,N,71.240,buy,R,,2.59,N,439175264.0,387107945.0,Y,14.79,30606.54,4.52%,00,buy,buy,buy,13:30:41,136.31,15.89%,4.238,-6.85%,-7.50%,157.970,157.970,2.07%,23222.79,Y,0,0,,-,,N,-,buy,-,26-04-13,173.86,14.11,7.59,3.1%,2.7%,"转债占流动市值比：3.1%
转债占总市值比：2.7%",0.00,603890,sh113577,有效期：-；质押代码：113577,113577；2020-10-20 开始转股,全价：157.970 最后更新：13:30:41
123082,北陆转债,sz300016,北陆药业,C,8.81,2021-06-29,2021-06-11,2026-12-06,2024-12-06,,,100.000,y,64.71,30,30,0,0.00,,,10.86,115.000,n,130.000,15,30,0,,X,5.000,4.993,A+,A+,无担保,,,,szcy,,,123082,123082,1.0111,380016,370016,,N,N,71.430,buy,,,2.54,N,492717587.0,406759212.0,Y,9.53,15142.52,-1.95%,00,buy,buy,buy,13:30:39,108.17,15.76%,4.888,-0.68%,-1.41%,125.214,125.214,-1.45%,6794.90,Y,1,1,,-,,N,-,buy,-,26-12-06,140.97,11.45,6.17,12.9%,10.6%,"转债占流动市值比：12.9%
转债占总市值比：10.6%",0.00,300016,sz123082,有效期：-；质押代码：123082,123082；2021-06-11 开始转股,全价：125.214 最后更新：13:30:39
113017,吉视转债,sh601929,吉视传媒,C,2.23,2021-12-08,2018-07-03,2023-12-27,2021-12-27,,,100.000,y,66.71,30,30,0,0.00,,,3.62,106.000,n,130.000,15,30,0,,X,15.600,15.589,AA+,AA+,无担保,,,,shmb,,,113017,113017,0.5010,764929,783929,,N,N,3.800,buy,R,,1.04,N,3111176649.0,3111176649.0,Y,2.34,10660.35,1.74%,00,buy,buy,buy,13:30:41,104.93,15.77%,1.942,-6.14%,-6.82%,121.480,121.480,1.29%,6833.55,Y,1,1,,-,,N,-,buy,-,23-12-27,137.25,2.90,1.56,21.4%,21.4%,"转债占流动市值比：21.4%
转债占总市值比：21.4%",0.00,601929,sh113017,有效期：-；质押代码：113017,113017；2018-07-03 开始转股,全价：121.480 最后更新：13:30:41
123084,高澜转债,sz300499,高澜股份,C,9.01,2021-09-22,2021-06-16,2026-12-09,2024-12-09,,,100.000,y,43.32,30,30,0,0.00,,,26.31,115.000,n,130.000,15,30,9,,X,2.800,2.544,A+,A+,无担保,,,,szcy,,,123084,123084,1.0061,380499,370499,,N,N,67.220,buy,,,4.33,N,280804041.0,241690999.0,Y,14.56,10631.03,1.82%,00,buy,buy,buy,13:30:42,161.60,15.84%,4.896,-8.63%,-9.28%,187.200,187.200,2.04%,12390.81,Y,1,1,,-,,N,-,buy,-,26-12-09,203.04,11.71,6.31,7.2%,6.2%,"转债占流动市值比：7.2%
转债占总市值比：6.2%",0.00,300499,sz123084,有效期：-；质押代码：123084,123084；2021-06-16 开始转股,全价：187.200 最后更新：13:30:42
113048,晶科转债,sh601778,晶科科技,C,5.46,2021-10-27,2021-10-29,2027-04-22,2025-04-22,,,100.000,y,52.86,30,30,0,0.00,,,3.26,112.000,n,130.000,15,30,0,,N,30.000,22.968,AA,AA,无,,,,shmb,2021年11月19日公告：本次（2021年10月29日至2021年11月18日）不行使提前赎回权利，至2022年5月18日均不提前赎回,,113048,113048,1.0840,764778,783778,,N,N,37.350,buy,,,1.76,N,2894294611.0,2040894611.0,Y,7.23,15631.20,1.26%,00,buy,buy,buy,13:30:43,132.42,15.86%,5.263,-5.09%,-5.61%,153.420,153.420,2.38%,11380.83,Y,1,1,G,-,,N,-,buy,-,27-04-22,169.28,7.10,3.82,15.6%,11.0%,"转债占流动市值比：15.6%
转债占总市值比：11.0%",0.00,601778,sh113048,有效期：-；质押代码：113048,113048；2021-10-29 开始转股,全价：153.420 最后更新：13:30:43
123024,岱勒转债,sz300700,岱勒新材,C,14.10,2021-06-01,2019-09-27,2024-03-21,2022-03-21,,,100.000,y,53.79,30,30,0,0.00,,,343.29,110.000,n,130.000,15,30,0,,X,2.100,2.097,A+,A+,无担保,,,,szcy,,,123024,123024,2.5485,380700,370700,,N,N,55.940,buy,,,3.81,N,107137593.0,74276829.0,Y,18.35,30421.31,20.01%,00,buy,buy,buy,13:30:42,130.14,16.05%,2.175,-12.82%,-13.70%,151.030,151.030,18.04%,104847.52,Y,1,1,,-,,N,-,buy,-,24-03-21,167.08,18.33,9.87,15.4%,10.7%,"转债占流动市值比：15.4%
转债占总市值比：10.7%",0.00,300700,sz123024,有效期：-；质押代码：123024,123024；2019-09-27 开始转股,全价：151.030 最后更新：13:30:42
113599,嘉友转债,sh603871,嘉友国际,C,18.32,2021-06-15,2021-02-18,2026-08-04,2024-08-04,,,100.000,y,58.13,30,30,0,0.00,,,2.21,120.000,n,130.000,15,30,0,,X,7.200,7.198,AA-,AA-,无担保,,,,shmb,,,113599,113599,3.2790,753871,754871,,N,N,90.430,buy,,,3.19,N,316960704.0,285385258.0,Y,22.06,1515.03,-1.52%,00,buy,buy,buy,13:30:11,120.41,16.07%,4.548,-2.37%,-3.26%,139.760,139.760,0.22%,2225.17,Y,0,0,,-,,N,-,buy,-,26-08-04,155.83,23.82,12.82,11.4%,10.3%,"转债占流动市值比：11.4%
转债占总市值比：10.3%",0.00,603871,sh113599,有效期：-；质押代码：113599,113599；2021-02-18 开始转股,全价：139.760 最后更新：13:30:11
113579,健友转债,sh603707,健友股份,C,32.20,2021-07-15,2020-10-29,2026-04-22,2024-04-22,,,100.000,y,58.45,30,30,0,0.00,,,1.14,109.000,n,130.000,15,30,2,,X,5.030,5.023,AA,AA,无担保,,,,shmb,,,113579,113579,0.7000,753707,754707,,N,N,89.020,buy,R,,10.78,N,1243600220.0,1240854555.0,Y,38.56,11275.47,-0.16%,00,buy,buy,buy,13:30:37,119.75,16.16%,4.263,-4.67%,-5.21%,139.100,139.100,0.29%,801.41,Y,0,0,,-,,N,-,buy,-,26-04-22,155.26,41.86,22.54,1.0%,1.0%,"转债占流动市值比：1.0%
转债占总市值比：1.0%",0.00,603707,sh113579,有效期：-；质押代码：113579,113579；2020-10-29 开始转股,全价：139.100 最后更新：13:30:37
128143,锋龙转债,sz002931,锋龙股份,C,12.73,2021-06-08,2021-07-14,2027-01-07,2025-01-07,,,100.000,y,61.12,30,30,0,0.00,,,4.75,115.000,n,130.000,15,30,0,,X,2.450,2.444,A+,A+,股票质押担保,,,,szmb,,,128143,128143,1.7228,082931,072931,,N,N,80.170,buy,,,4.16,N,199140144.0,178663130.0,Y,14.58,5487.16,1.46%,00,buy,buy,buy,13:30:42,114.53,16.25%,4.975,-1.91%,-2.61%,133.136,133.136,1.09%,1541.84,Y,0,0,,-,,N,-,buy,-,27-01-07,149.39,16.55,8.91,9.4%,8.4%,"转债占流动市值比：9.4%
转债占总市值比：8.4%",0.00,002931,sz128143,有效期：-；质押代码：128143,128143；2021-07-14 开始转股,全价：133.136 最后更新：13:30:42
110061,川投转债,sh600674,川投能源,C,9.20,2021-07-15,2020-05-15,2025-11-10,2023-11-10,,,100.000,y,55.95,30,30,0,0.99,2022-01-17,2022-01-17,0.30,106.000,n,130.000,15,30,0,,N,40.000,39.616,AAA,AAA,无担保,,,,shmb,2021年9月28日公告：本次（2021年9月6日至2021年9月28日）期间不行使提前赎回权利，至2022年9月28日均不提前赎回,,110061,110061,0.9080,704674,733674,,N,N,81.590,buy,R,,1.62,N,4406155440.0,4406155440.0,Y,11.51,5568.70,-0.60%,00,buy,buy,buy,13:28:53,125.11,16.15%,3.816,-7.09%,-7.53%,145.310,145.310,-0.03%,1709.32,Y,0,0,G,-,,N,-,buy,-,25-11-10,161.46,11.96,6.44,7.8%,7.8%,"转债占流动市值比：7.8%
转债占总市值比：7.8%",0.00,600674,sh110061,有效期：2022-01-17 到 2022-01-17；质押代码：110061,110061；2020-05-15 开始转股,全价：145.310 最后更新：13:28:53
127027,靖远转债,sz000552,靖远煤电,C,3.13,2021-10-12,2021-06-16,2026-12-09,2024-12-09,,,100.000,y,62.07,30,30,0,0.00,,,1.54,110.000,n,130.000,15,30,0,,X,28.000,24.307,AA+,AA+,无担保,,,,szmb,,,127027,127027,1.2243,080552,070552,,N,N,35.200,buy,R,,0.97,N,2350879797.0,2347628690.0,Y,3.53,13427.84,0.00%,00,buy,buy,buy,13:30:42,112.78,16.25%,4.896,-2.71%,-3.23%,131.106,131.106,-0.22%,4906.75,Y,0,0,,-,,N,-,buy,-,26-12-09,147.36,4.07,2.19,29.3%,29.3%,"转债占流动市值比：29.3%
转债占总市值比：29.3%",0.00,000552,sz127027,有效期：-；质押代码：127027,127027；2021-06-16 开始转股,全价：131.106 最后更新：13:30:42
110071,湖盐转债,sh600929,雪天盐业,C,6.52,2021-05-31,2021-01-18,2026-07-09,2024-07-09,,,100.000,y,60.93,30,30,0,0.00,,,2.59,110.000,n,130.000,15,30,0,,X,7.200,7.198,AA,AA,无担保,,,,shmb,,,110071,110071,0.7840,704929,733929,,N,N,78.196,buy,R,,2.56,N,931898142.0,917778142.0,Y,7.49,5145.96,-0.40%,00,buy,buy,buy,13:30:42,114.88,16.19%,4.477,-3.35%,-3.92%,133.480,133.480,0.38%,2491.17,Y,0,0,,-,,N,-,buy,-,26-07-09,149.67,8.48,4.56,10.5%,10.3%,"转债占流动市值比：10.5%
转债占总市值比：10.3%",0.00,600929,sh110071,有效期：-；质押代码：110071,110071；2021-01-18 开始转股,全价：133.480 最后更新：13:30:42
123070,鹏辉转债,sz300438,鹏辉能源,C,20.08,2021-08-17,2021-04-26,2026-10-19,2024-10-21,,,100.000,y,32.00,30,30,0,0.00,,,40.10,110.000,n,130.000,20,30,9,,X,8.900,5.988,AA,AA,无担保,,,,szcy,,,123070,123070,2.1380,380438,370438,,N,N,72.570,buy,,,7.19,N,433497356.0,329639518.0,Y,43.93,51592.13,3.73%,00,buy,buy,buy,13:30:42,218.77,16.91%,4.756,-15.71%,-16.14%,255.768,255.768,2.27%,60878.03,Y,0,0,,-,,N,-,buy,-,26-10-19,272.68,26.10,14.06,4.1%,3.1%,"转债占流动市值比：4.1%
转债占总市值比：3.1%",0.00,300438,sz123070,有效期：-；质押代码：123070,123070；2021-04-26 开始转股,全价：255.768 最后更新：13:30:42
113030,东风转债,sh601515,东风股份,C,6.40,2021-11-12,2020-06-30,2025-12-23,2023-12-25,,,100.000,y,52.83,30,30,0,0.00,,,15.49,112.000,n,130.000,15,30,6,,X,2.950,2.949,AA,AA,无担保,,,,shmb,,,113030,113030,0.2210,764515,783515,,N,N,13.210,buy,R,,2.85,N,1535743492.0,1334423360.0,Y,8.48,18518.05,3.16%,00,buy,buy,buy,13:30:35,132.50,16.73%,3.934,-7.10%,-7.76%,154.670,154.670,0.55%,7061.55,Y,0,0,,-,,N,-,buy,-,25-12-23,171.40,8.32,4.48,2.6%,2.3%,"转债占流动市值比：2.6%
转债占总市值比：2.3%",0.00,601515,sh113030,有效期：-；质押代码：113030,113030；2020-06-30 开始转股,全价：154.670 最后更新：13:30:35
110057,现代转债,sh600420,国药现代,C,9.79,2021-06-25,2019-10-08,2025-03-31,2023-04-01,,,100.000,y,66.86,30,30,0,0.82,2022-01-17,2022-01-17,1.72,106.000,n,130.000,15,30,0,,X,16.160,16.157,AAA,AAA,无担保,,,,shmb,,,110057,110057,1.5290,704420,733420,,N,N,32.790,buy,,,1.22,N,1026964555.0,1026964555.0,Y,10.25,16903.06,-2.66%,00,buy,buy,buy,13:30:36,104.70,16.79%,3.203,-3.24%,-3.80%,122.280,122.280,-1.31%,3380.58,Y,0,0,,-,,N,-,buy,-,25-03-31,139.07,12.73,6.85,15.3%,15.3%,"转债占流动市值比：15.3%
转债占总市值比：15.3%",0.00,600420,sh110057,有效期：2022-01-17 到 2022-01-17；质押代码：110057,110057；2019-10-08 开始转股,全价：122.280 最后更新：13:30:36
128076,金轮转债,sz002722,金轮股份,C,14.66,2021-05-31,2020-04-20,2025-10-14,2023-10-13,,,100.000,y,62.12,30,30,0,0.00,,,4.75,110.000,n,130.000,15,30,0,,X,2.140,2.138,AA-,AA-,无担保,,,,szmb,,,128076,128076,1.2196,082722,072722,,N,N,37.890,buy,,,1.45,N,175478558.0,175462283.0,Y,16.52,2544.96,1.35%,00,buy,buy,buy,13:30:27,112.69,16.97%,3.742,-3.80%,-4.45%,131.818,131.818,0.43%,1336.45,Y,0,0,,-,,N,-,buy,-,25-10-14,148.79,19.06,10.26,7.4%,7.4%,"转债占流动市值比：7.4%
转债占总市值比：7.4%",0.00,002722,sz128076,有效期：-；质押代码：128076,128076；2020-04-20 开始转股,全价：131.818 最后更新：13:30:27
113527,维格转债,sh603518,锦泓集团,C,9.85,2020-08-05,2019-07-30,2025-01-23,2023-01-23,,,100.000,y,58.28,30,30,0,0.00,,,9.24,115.000,n,130.000,15,30,1,,X,7.460,2.864,AA,AA,无担保,,,,shmb,,,113527,113527,4.1310,753518,754518,,N,N,4.910,buy,,,1.42,N,296628771.0,296628771.0,Y,11.83,5880.17,1.46%,00,buy,buy,buy,13:30:43,120.10,17.02%,3.019,-5.34%,-6.37%,140.540,140.540,0.57%,3697.52,Y,1,1,,-,,N,-,buy,-,25-01-23,157.56,12.80,6.89,8.2%,8.2%,"转债占流动市值比：8.2%
转债占总市值比：8.2%",0.00,603518,sh113527,有效期：-；质押代码：113527,113527；2019-07-30 开始转股,全价：140.540 最后更新：13:30:43
123098,一品转债,sz300723,一品红,C,25.48,2021-08-25,2021-08-03,2027-01-27,2025-01-27,,,100.000,y,53.47,30,30,0,0.00,,,2.05,118.000,n,130.000,15,30,0,,N,4.800,4.236,AA-,AA-,无担保,,,,szcy,2022年1月5日公告：本次（2021年11月24日至2021年1月5日）不提前赎回，至2022年7月5日均不提前赎回,,123098,123098,3.0423,380723,370723,,N,N,85.150,buy,,,5.50,N,288034274.0,124345043.0,Y,33.36,5191.64,-0.95%,00,buy,buy,buy,13:30:42,130.93,17.35%,5.030,-4.25%,-5.00%,153.643,153.643,0.37%,1327.95,Y,0,0,G,-,,N,-,buy,-,27-01-27,170.99,33.12,17.84,10.2%,4.4%,"转债占流动市值比：10.2%
转债占总市值比：4.4%",0.00,300723,sz123098,有效期：-；质押代码：123098,123098；2021-08-03 开始转股,全价：153.643 最后更新：13:30:42
123022,长信转债,sz300088,长信科技,C,6.05,2021-06-17,2019-09-23,2025-03-18,2023-03-18,,,100.000,y,34.02,30,30,0,0.00,,,118.97,110.000,n,130.000,15,30,16,,X,12.300,2.564,AA,AA,无担保,,,,szcy,,,123022,123022,0.5350,380088,370088,,N,N,42.700,buy,R,,4.04,N,2454887088.0,2442659856.0,Y,12.45,112540.52,5.06%,00,buy,buy,buy,13:30:42,205.79,17.64%,3.167,-21.42%,-22.00%,242.088,242.088,6.33%,71716.57,Y,0,0,B,-,,N,-,buy,-,25-03-18,259.73,7.87,4.24,0.8%,0.8%,"转债占流动市值比：0.8%
转债占总市值比：0.8%",0.00,300088,sz123022,有效期：-；质押代码：123022,123022；2019-09-23 开始转股,全价：242.088 最后更新：13:30:42
110043,无锡转债,sh600908,无锡银行,C,5.61,2021-07-06,2018-08-05,2024-01-30,,,,,y,,15,30,0,0.00,,,0.61,106.000,n,130.000,15,30,0,,X,30.000,29.214,AA+,AA+,无担保,,,,shmb,,,110043,110043,1.6230,704908,733908,,N,N,37.110,buy,,,0.71,N,1861675522.0,1763699985.0,Y,5.89,9411.66,0.00%,00,buy,buy,buy,13:30:39,104.99,17.67%,2.036,-6.35%,-7.05%,123.540,123.540,-0.41%,2207.29,Y,2,2,,-,,N,-,buy,-,24-01-30,141.21,7.29,-,28.1%,26.6%,"转债占流动市值比：28.1%
转债占总市值比：26.6%",0.00,600908,sh110043,有效期：-；质押代码：110043,110043；2018-08-05 开始转股,全价：123.540 最后更新：13:30:39
128044,岭南转债,sz002717,岭南股份,C,3.43,2021-12-01,2019-02-20,2024-08-14,2022-08-14,,,100.000,y,66.69,30,30,0,0.00,,,2.80,107.000,n,130.000,15,30,0,,X,6.600,6.589,AA-,AA-,无担保,,,,szmb,,,128044,128044,0.6542,082717,072717,,N,N,40.500,buy,,,1.25,N,1684418292.0,1125742527.0,Y,3.60,13082.04,1.98%,00,buy,buy,buy,13:30:42,104.96,17.66%,2.575,-4.36%,-5.06%,123.499,123.499,0.74%,2270.72,Y,2,2,,-,,N,-,buy,-,24-08-14,141.16,4.46,2.40,16.3%,10.9%,"转债占流动市值比：16.3%
转债占总市值比：10.9%",0.00,002717,sz128044,有效期：-；质押代码：128044,128044；2019-02-20 开始转股,全价：123.499 最后更新：13:30:42
127003,海印转债,sz000861,海印股份,C,2.99,2021-07-21,2016-12-16,2022-06-08,2020-06-08,,,100.000,y,69.30,30,30,0,0.37,2022-01-17,2022-01-17,1.56,110.000,n,130.000,15,30,0,,X,11.110,6.736,AA,AA,广州海印实业集团有限公司责任人担保,,,,szmb,,,127003,127003,0.4938,080861,070861,4,N,N,,buy,R,,1.86,N,2325574211.0,2184526848.0,Y,3.02,6877.24,-1.31%,00,buy,buy,buy,13:30:39,101.00,17.90%,0.389,-19.60%,-23.92%,119.080,119.080,0.36%,1250.43,Y,2,2,,-,,N,-,buy,-,22-06-08,136.98,3.89,2.09,10.2%,9.6%,"转债占流动市值比：10.2%
转债占总市值比：9.6%",0.00,000861,sz127003,有效期：2022-01-17 到 2022-01-17；质押代码：127003,127003；2016-12-16 开始转股,全价：119.080 最后更新：13:30:39
127020,中金转债,sz000060,中金岭南,C,4.63,2021-06-18,2021-01-25,2026-07-19,2024-07-22,,,100.000,y,65.74,30,30,0,0.00,,,0.57,110.000,n,130.000,15,30,0,,X,38.000,34.279,AA+,AA+,无担保,,,,szmb,,,127020,127020,1.0645,080060,070060,,N,N,55.990,buy,R,,1.37,N,3650034613.0,3648835938.0,Y,4.93,13575.21,-0.20%,00,buy,buy,buy,13:30:42,106.48,17.95%,4.504,-2.25%,-2.77%,125.594,125.594,0.08%,2445.36,Y,0,0,,-,,N,-,buy,-,26-07-19,143.54,6.02,3.24,19.1%,19.0%,"转债占流动市值比：19.1%
转债占总市值比：19.0%",0.00,000060,sz127020,有效期：-；质押代码：127020,127020；2021-01-25 开始转股,全价：125.594 最后更新：13:30:42
123087,明电转债,sz300739,明阳电路,C,16.32,2021-05-24,2021-06-21,2026-12-14,2025-12-15,,,100.000,y,55.10,30,30,0,0.00,,,3.04,115.000,n,130.000,15,30,0,,X,6.730,4.189,AA-,AA-,无担保,,,,szcy,,,123087,123087,2.4094,380739,370739,,N,N,84.410,buy,R,,3.06,N,294757909.0,288240829.0,Y,17.77,4321.35,1.89%,00,buy,buy,buy,13:30:42,108.88,18.11%,4.910,-1.29%,-2.00%,128.600,128.600,1.25%,1631.41,Y,1,1,,-,,N,-,buy,-,26-12-14,146.71,21.22,9.79,8.2%,8.0%,"转债占流动市值比：8.2%
转债占总市值比：8.0%",0.00,300739,sz123087,有效期：-；质押代码：123087,123087；2021-06-21 开始转股,全价：128.600 最后更新：13:30:42
118002,天合转债,sh688599,天合光能,C,50.51,,2022-02-21,2027-08-12,2025-08-12,,,100.000,y,51.38,30,30,0,0.00,,,3.05,115.000,n,130.000,15,30,0,,X,52.520,52.520,AA,AA,无,,,,shkc,,,未到转股期,118002,2.5400,726599,718599,,N,N,63.350,buy,R,,8.71,N,2073667807.0,1219295285.0,Y,68.81,74454.91,0.86%,00,buy,buy,buy,13:30:40,136.23,18.12%,5.570,-5.20%,-5.77%,160.920,160.920,2.10%,25679.52,Y,0,0,,-,,N,-,buy,-,27-08-12,179.04,65.66,35.36,6.3%,3.7%,"转债占流动市值比：6.3%
转债占总市值比：3.7%",0.00,688599,sh118002,有效期：-；质押代码：118002,未到转股期；2022-02-21 开始转股,全价：160.920 最后更新：13:30:40
113011,光大转债,sh601818,光大银行,C,3.55,2021-07-21,2017-09-18,2023-03-17,,,,,n,,0,0,0,0.76,2022-01-17,2022-01-17,0.58,105.000,n,130.000,15,30,0,,X,300.000,241.980,AAA,AAA,无担保,,,,shmb,,,113011,113011,0.7530,764818,783818,4,N,N,,buy,R,,0.39,Y,54031918195.0,41353182695.0,Y,3.39,18607.54,-0.29%,00,buy,buy,buy,13:30:41,95.49,18.18%,1.162,-4.70%,-5.74%,112.850,112.850,-0.39%,15857.23,Y,0,0,,-,,N,-,buy,-,23-03-17,131.03,4.62,-,17.3%,13.2%,"转债占流动市值比：17.3%
转债占总市值比：13.2%",0.00,601818,sh113011,有效期：2022-01-17 到 2022-01-17；质押代码：113011,113011；2017-09-18 开始转股,全价：112.850 最后更新：13:30:41
113602,景20转债,sh603228,景旺电子,C,27.40,2021-05-12,2021-03-01,2026-08-23,2024-08-23,,,100.000,y,57.91,30,30,0,0.00,,,1.35,108.000,n,130.000,15,30,0,,X,17.800,17.798,AA,AA,无担保,,,,shmb,,,113602,113602,2.0900,753228,754228,,N,N,85.940,buy,R,,4.00,N,851672591.0,841872019.0,Y,33.12,15286.58,1.16%,00,buy,buy,buy,13:29:07,120.88,18.56%,4.600,-5.15%,-5.61%,143.320,143.320,2.65%,3399.27,Y,1,1,,-,,N,-,buy,-,26-08-23,161.88,35.62,19.18,6.4%,6.3%,"转债占流动市值比：6.4%
转债占总市值比：6.3%",0.00,603228,sh113602,有效期：-；质押代码：113602,113602；2021-03-01 开始转股,全价：143.320 最后更新：13:29:07
110038,济川转债,sh600566,济川药业,C,23.40,2021-05-26,2018-05-17,2022-11-12,2020-11-13,,,100.000,y,41.73,30,30,0,0.00,,,7.47,100.000,y,125.000,15,30,2,,X,8.430,6.302,AA,AA,无担保,,,,shmb,,,110038,110038,1.0410,704566,733566,,N,N,15.921,buy,R,,2.87,N,888273021.0,888273021.0,Y,28.04,28923.03,2.11%,00,buy,buy,buy,13:30:26,119.83,18.42%,0.819,-30.89%,-31.92%,141.900,141.900,2.03%,6666.39,Y,1,1,,-,,N,-,buy,-,22-11-12,160.32,29.25,11.70,2.5%,2.5%,"转债占流动市值比：2.5%
转债占总市值比：2.5%",0.00,600566,sh110038,有效期：-；质押代码：110038,110038；2018-05-17 开始转股,全价：141.900 最后更新：13:30:26
113565,宏辉转债,sh603336,宏辉果蔬,C,7.64,2021-05-17,2020-09-03,2026-02-25,2024-02-26,,,100.000,y,62.26,30,30,0,0.00,,,74.55,112.000,n,130.000,15,30,0,,X,3.320,2.253,AA-,AA-,公司实际控制人担保,,,,shmb,,,113565,113565,1.4730,753336,754336,,N,N,80.610,buy,,,3.49,N,438679917.0,438679917.0,Y,8.59,17138.68,-0.46%,00,buy,buy,buy,13:30:41,112.43,18.65%,4.110,-3.05%,-3.77%,133.400,133.400,1.09%,22251.83,Y,0,0,,-,,N,-,buy,-,26-02-25,152.05,9.93,5.35,6.0%,6.0%,"转债占流动市值比：6.0%
转债占总市值比：6.0%",0.00,603336,sh113565,有效期：-；质押代码：113565,113565；2020-09-03 开始转股,全价：133.400 最后更新：13:30:41
113619,世运转债,sh603920,世运电路,C,19.92,2021-06-17,2021-07-26,2027-01-19,2025-01-20,,,100.000,y,56.71,30,30,0,0.00,,,10.13,110.000,n,130.000,15,30,0,,X,10.000,9.997,AA,AA,无,,,,shmb,,,113619,113619,2.4420,753920,754920,,N,N,85.813,buy,,,4.79,N,532247495.0,532173395.0,Y,24.59,31111.08,3.45%,00,buy,buy,buy,13:30:41,123.44,18.57%,5.008,-4.76%,-5.25%,146.360,146.360,4.67%,14560.46,Y,0,0,,-,,N,-,buy,-,27-01-19,164.93,25.90,13.94,7.6%,7.6%,"转债占流动市值比：7.6%
转债占总市值比：7.6%",0.00,603920,sh113619,有效期：-；质押代码：113619,113619；2021-07-26 开始转股,全价：146.360 最后更新：13:30:41
128066,亚泰转债,sz002811,郑中设计,C,9.27,2021-06-15,2019-10-23,2025-04-17,2023-04-17,,,100.000,y,70.76,30,30,0,0.00,,,1.73,112.000,n,130.000,15,30,0,,X,4.800,4.798,AA-,AA-,"连带责任保证,保证人深圳市亚泰一兆投资有限公司",,,,szmb,,,128066,128066,2.6666,082811,072811,,N,N,77.910,buy,,,1.62,N,270023688.0,239078995.0,Y,9.17,1284.41,3.73%,00,buy,buy,buy,13:30:42,98.92,18.71%,3.249,-0.20%,-1.10%,117.430,117.430,1.66%,971.57,Y,1,1,,-,,N,-,buy,-,25-04-17,136.14,12.05,6.49,21.9%,19.4%,"转债占流动市值比：21.9%
转债占总市值比：19.4%",0.00,002811,sz128066,有效期：-；质押代码：128066,128066；2019-10-23 开始转股,全价：117.430 最后更新：13:30:42
127045,牧原转债,sz002714,牧原股份,C,47.91,,2022-02-21,2027-08-16,2025-08-15,,,100.000,y,59.94,30,30,0,0.00,,,0.54,107.000,n,130.000,15,30,0,,X,95.500,95.500,AA+,AA+,无,,,,szmb,,,未到转股期,127045,1.8145,082714,072714,,N,N,84.360,buy,R,,5.24,Y,5262358594.0,3550079179.0,Y,55.95,96904.50,0.45%,00,buy,buy,buy,13:30:42,116.78,18.75%,5.581,-3.95%,-4.29%,138.674,138.674,0.39%,7231.12,Y,0,0,,-,,N,-,buy,-,27-08-16,157.42,62.28,33.54,4.8%,3.2%,"转债占流动市值比：4.8%
转债占总市值比：3.2%",0.00,002714,sz127045,有效期：-；质押代码：127045,未到转股期；2022-02-21 开始转股,全价：138.674 最后更新：13:30:42
123048,应急转债,sz300527,中船应急,C,8.88,2021-07-21,2020-10-16,2026-04-09,2024-04-09,,,100.000,y,58.15,30,30,0,0.00,,,7.53,108.000,n,130.000,15,30,0,,X,8.190,3.792,AA+,AA+,无担保,,,,szcy,,,123048,123048,0.8961,380527,370527,,N,N,13.090,buy,R,,3.76,N,963211158.0,963205358.0,Y,10.69,24498.19,2.59%,00,buy,buy,buy,13:30:42,120.38,18.69%,4.227,-5.54%,-6.04%,142.880,142.880,1.55%,4042.65,Y,0,0,,-,,N,-,buy,-,26-04-09,161.57,11.54,6.22,3.7%,3.7%,"转债占流动市值比：3.7%
转债占总市值比：3.7%",0.00,300527,sz123048,有效期：-；质押代码：123048,123048；2020-10-16 开始转股,全价：142.880 最后更新：13:30:42
128101,联创转债,sz002036,联创电子,C,13.72,2021-06-07,2020-09-21,2026-03-16,2024-03-18,,,100.000,y,39.59,30,30,0,0.00,,,42.45,110.000,n,130.000,15,30,9,,X,3.000,2.995,AA,AA,无担保,,,,szmb,,,128101,128101,0.4208,082036,072036,,N,N,25.381,buy,R,,6.53,N,1062824950.0,1045944418.0,Y,24.26,99960.56,1.98%,00,buy,buy,buy,13:30:42,176.82,18.85%,4.162,-13.74%,-14.25%,210.157,210.157,1.61%,26813.24,Y,0,0,,-,,N,-,buy,-,26-03-16,229.01,17.84,9.60,1.2%,1.2%,"转债占流动市值比：1.2%
转债占总市值比：1.2%",0.00,002036,sz128101,有效期：-；质押代码：128101,128101；2020-09-21 开始转股,全价：210.157 最后更新：13:30:42
128120,联诚转债,sz002921,联诚精密,C,18.44,2021-05-11,2021-01-25,2026-07-16,2024-07-16,,,100.000,y,65.92,30,30,0,0.00,,,7.16,112.000,n,130.000,15,30,0,,X,2.600,2.600,A,A,实际控制人提供股票质押担保和保证担保,,,,szmb,,,128120,128120,3.1862,082921,072921,,N,N,69.810,buy,,,2.34,N,106080816.0,81816321.0,Y,19.58,5632.11,0.88%,00,buy,buy,buy,13:30:42,106.18,18.82%,4.496,-1.53%,-2.21%,126.158,126.158,0.76%,2351.40,Y,0,0,,-,,N,-,buy,-,26-07-16,144.98,23.97,12.91,16.2%,12.5%,"转债占流动市值比：16.2%
转债占总市值比：12.5%",0.00,002921,sz128120,有效期：-；质押代码：128120,128120；2021-01-25 开始转股,全价：126.158 最后更新：13:30:42
123050,聚飞转债,sz300303,聚飞光电,C,5.08,2021-06-30,2020-10-20,2026-04-13,2024-04-15,,,100.000,y,56.53,30,30,0,0.00,,,5.15,118.000,n,130.000,15,30,0,,X,7.050,3.746,AA-,AA-,无担保,,,,szcy,,,123050,123050,0.5513,380303,370303,,N,N,43.220,buy,,,2.99,N,1342588701.0,1223105685.0,Y,6.29,11433.97,1.45%,00,buy,buy,buy,13:30:33,123.82,18.92%,4.238,-4.09%,-4.98%,147.248,147.248,2.56%,2819.20,Y,0,0,,-,,N,-,buy,-,26-04-13,166.17,6.60,3.56,4.9%,4.4%,"转债占流动市值比：4.9%
转债占总市值比：4.4%",0.00,300303,sz123050,有效期：-；质押代码：123050,123050；2020-10-20 开始转股,全价：147.248 最后更新：13:30:33
128119,龙大转债,sz002726,龙大美食,C,9.29,2021-08-12,2021-01-18,2026-07-12,2024-07-15,,,100.000,y,59.23,30,30,0,0.00,,,3.54,115.000,n,130.000,15,30,0,,X,9.500,9.461,AA,AA,无担保,,,,szmb,,,128119,128119,0.9516,082726,072726,,N,N,73.670,buy,R,,2.81,N,1078860185.0,991083080.0,Y,10.98,34888.13,0.00%,00,buy,buy,buy,13:30:42,118.19,18.83%,4.485,-3.53%,-4.25%,140.440,140.440,0.82%,4654.74,Y,0,0,,-,,N,-,buy,-,26-07-12,159.27,12.08,6.50,8.7%,8.0%,"转债占流动市值比：8.7%
转债占总市值比：8.0%",0.00,002726,sz128119,有效期：-；质押代码：128119,128119；2021-01-18 开始转股,全价：140.440 最后更新：13:30:42
113615,金诚转债,sh603979,金诚信,C,12.65,2021-06-09,2021-06-29,2026-12-22,2024-12-23,,,100.000,y,42.35,30,30,0,0.00,,,3.38,112.000,n,130.000,15,30,0,,N,10.000,8.664,AA,AA,无担保,,,,shmb,2021年11月24日公告：本次（2021年11月4日至2021年11月24日）不行使提前赎回权利，至2022年5月24日均不提前赎回,,113615,113615,1.7320,753979,754979,,N,N,71.880,buy,,,2.41,N,593966469.0,593966469.0,Y,20.91,6037.98,-0.99%,00,buy,buy,buy,13:30:28,165.30,18.98%,4.932,-10.16%,-10.67%,196.670,196.670,-0.09%,5697.26,Y,0,0,G,-,,N,-,buy,-,26-12-22,215.65,16.45,8.86,7.0%,7.0%,"转债占流动市值比：7.0%
转债占总市值比：7.0%",0.00,603979,sh113615,有效期：-；质押代码：113615,113615；2021-06-29 开始转股,全价：196.670 最后更新：13:30:28
128109,楚江转债,sz002171,楚江新材,C,8.63,2021-05-31,2020-12-10,2026-06-03,2024-06-03,,,100.000,y,49.52,30,30,0,0.00,,,1.92,110.000,n,130.000,15,30,0,,N,18.300,18.226,AA,AA,无担保,,,,szmb,2021年11月30日公告：本次不行使楚江转债的提前赎回权利，至2022年11月29日均不提前赎回,,128109,128109,1.4176,082171,072171,,N,N,78.850,buy,R,,2.70,N,1334530042.0,1244685323.0,Y,12.20,28778.17,7.21%,00,buy,buy,buy,13:30:42,141.37,19.46%,4.378,-8.57%,-9.10%,168.875,168.875,4.70%,5818.80,Y,0,0,G,-,,N,-,buy,-,26-06-03,188.34,11.22,6.04,12.0%,11.2%,"转债占流动市值比：12.0%
转债占总市值比：11.2%",0.00,002171,sz128109,有效期：-；质押代码：128109,128109；2020-12-10 开始转股,全价：168.875 最后更新：13:30:42
123057,美联转债,sz300586,美联新材,C,9.50,2021-07-12,2021-01-07,2026-06-30,2024-07-01,,,100.000,y,57.08,30,30,0,0.00,,,11.26,112.000,n,130.000,15,30,0,,N,2.070,2.066,AA-,AA-,无担保,,,,szcy,2021年12月13日公告：本次（2021年11月19日至2021年12月13日）不提前赎回，至2022年6月13日均提前赎回,,123057,123057,0.4533,380586,370586,,N,N,82.410,buy,,,4.97,N,524473683.0,346950508.0,Y,11.65,6498.76,-0.34%,00,buy,buy,buy,13:30:42,122.63,19.13%,4.452,-4.82%,-5.46%,146.086,146.086,-0.15%,3397.31,Y,0,0,G,-,,N,-,buy,-,26-06-30,165.22,12.35,6.65,5.1%,3.4%,"转债占流动市值比：5.1%
转债占总市值比：3.4%",0.00,300586,sz123057,有效期：-；质押代码：123057,123057；2021-01-07 开始转股,全价：146.086 最后更新：13:30:42
128090,汽模转2,sz002510,天汽模,C,4.23,2021-06-30,2020-07-03,2025-12-27,2023-12-27,,,100.000,y,63.54,30,30,0,0.00,,,4.82,110.000,n,130.000,15,30,0,,X,4.710,3.100,AA-,AA-,无担保,,,,szmb,,,128090,128090,0.5114,082510,072510,,N,N,41.350,buy,,,2.09,N,941616619.0,931317168.0,Y,4.66,8816.47,0.43%,00,buy,buy,buy,13:30:42,110.17,19.18%,3.945,-3.51%,-4.13%,131.300,131.300,1.09%,1954.51,Y,0,0,,-,,N,-,buy,-,25-12-27,150.48,5.50,2.96,7.1%,7.1%,"转债占流动市值比：7.1%
转债占总市值比：7.1%",0.00,002510,sz128090,有效期：-；质押代码：128090,128090；2020-07-03 开始转股,全价：131.300 最后更新：13:30:42
110066,盛屯转债,sh600711,盛屯矿业,C,4.87,2021-07-14,2020-09-07,2026-03-02,2024-03-01,,,100.000,y,33.26,30,30,0,0.00,,,6.70,110.000,n,130.000,15,30,0,,N,23.860,3.834,AA,AA,无担保,,,,shmb,2021年12月25日公告：本次（2021年12月6日至2021年12月24日）不提前赎回，至2022年1月24日均不提前赎回,,110066,110066,1.0330,704711,733711,,N,N,33.540,buy,R,,2.27,N,2747143184.0,2605882223.0,Y,10.25,37383.46,-3.30%,00,buy,buy,buy,13:30:25,210.47,19.26%,4.123,-17.54%,-18.02%,251.000,251.000,-0.73%,6443.13,Y,0,0,G,-,,N,-,buy,-,26-03-02,270.26,6.33,3.41,1.4%,1.4%,"转债占流动市值比：1.4%
转债占总市值比：1.4%",0.00,600711,sh110066,有效期：-；质押代码：110066,110066；2020-09-07 开始转股,全价：251.000 最后更新：13:30:25
113600,新星转债,sh603978,深圳新星,C,23.85,,2021-02-19,2026-08-12,2024-08-12,,,100.000,y,62.36,30,30,0,0.00,,,3.22,120.000,n,130.000,15,30,0,,N,5.950,4.533,AA-,AA-,股份质押担保,,,,shmb,2021年11月6日公告：本次（2021年10月8日至2021年11月5日）不行使提前赎回权利，至2022年2月6日均不提前赎回,,113600,113600,3.7180,753978,754978,,N,N,75.984,buy,,,2.66,N,165939476.0,165939476.0,Y,26.77,3693.67,-1.14%,00,buy,buy,buy,13:30:21,112.24,19.34%,4.570,-1.43%,-2.33%,133.950,133.950,-0.67%,1957.18,Y,0,0,G,-,,N,-,buy,-,26-08-12,153.29,31.00,16.70,10.2%,10.2%,"转债占流动市值比：10.2%
转债占总市值比：10.2%",0.00,603978,sh113600,有效期：-；质押代码：113600,113600；2021-02-19 开始转股,全价：133.950 最后更新：13:30:21
128097,奥佳转债,sz002614,奥佳华,C,10.39,2021-04-30,2020-09-02,2026-02-25,2024-02-26,,,100.000,y,55.86,30,30,0,0.00,,,2.03,110.000,n,130.000,15,30,1,,X,12.000,4.586,AA-,AA-,无担保,,,,szmb,,,128097,128097,2.1380,082614,072614,,N,N,75.270,buy,,,1.72,N,630693012.0,448080169.0,Y,13.02,5320.52,0.39%,00,buy,buy,buy,13:30:30,125.31,19.43%,4.110,-6.35%,-6.93%,149.663,149.663,0.25%,1390.22,Y,0,0,,-,,N,-,buy,-,26-02-25,169.09,13.51,7.27,7.9%,5.6%,"转债占流动市值比：7.9%
转债占总市值比：5.6%",0.00,002614,sz128097,有效期：-；质押代码：128097,128097；2020-09-02 开始转股,全价：149.663 最后更新：13:30:30
128137,洁美转债,sz002859,洁美科技,C,27.63,2021-06-03,2021-05-10,2026-11-03,2024-11-04,,,100.000,y,52.86,30,30,0,0.00,,,1.89,112.000,n,130.000,15,30,0,,N,6.000,5.994,AA-,AA-,,,,,szmb,2021年12月28日公告：本次（2021年11月16日至2021年12月27日）不提前赎回，至2022年6月27日均不提前赎回,,128137,128137,1.4645,082859,072859,,N,N,81.230,buy,,,7.23,N,410020847.0,402836495.0,Y,36.59,20930.50,5.48%,00,buy,buy,buy,13:30:42,132.43,19.44%,4.797,-6.21%,-6.77%,158.168,158.168,3.99%,1781.50,Y,0,0,G,-,,N,-,buy,-,26-11-03,177.61,35.92,19.34,4.1%,4.0%,"转债占流动市值比：4.1%
转债占总市值比：4.0%",0.00,002859,sz128137,有效期：-；质押代码：128137,128137；2021-05-10 开始转股,全价：158.168 最后更新：13:30:42
128140,润建转债,sz002929,润建股份,C,26.40,2021-06-07,2021-06-15,2026-12-04,2024-12-06,,,100.000,y,52.49,30,30,0,0.00,,,2.89,110.000,n,130.000,15,30,0,,N,10.900,10.897,AA,AA,无担保,,,,szmb,2021年11月25日公告：本次（2021年11月08日至2021年11月24日）不行使提前赎回权利，至2022年12月31日均不提前赎回,,128140,128140,4.9377,082929,072929,,N,N,83.270,buy,,,2.28,N,228728817.0,168506828.0,Y,35.21,8710.86,4.51%,00,buy,buy,buy,13:30:42,133.37,19.71%,4.882,-6.62%,-7.11%,159.658,159.658,6.29%,4926.86,Y,0,0,G,-,,N,-,buy,-,26-12-04,179.37,34.32,18.48,18.4%,13.5%,"转债占流动市值比：18.4%
转债占总市值比：13.5%",0.00,002929,sz128140,有效期：-；质押代码：128140,128140；2021-06-15 开始转股,全价：159.658 最后更新：13:30:42
123014,凯发转债,sz300407,凯发电气,C,8.05,2021-06-03,2019-02-11,2023-07-27,2021-07-27,,,100.000,y,60.98,30,30,0,0.00,,,5.61,106.000,n,130.000,15,30,0,,X,3.499,1.161,A+,A+,无担保,,,,szcy,,,123014,123014,1.2659,380407,370407,,N,N,45.880,buy,,,1.99,N,305096381.0,210891547.0,Y,9.24,2326.62,2.33%,00,buy,buy,buy,13:30:42,114.78,19.97%,1.523,-15.12%,-15.89%,137.706,137.706,0.58%,895.88,Y,0,0,,-,,N,-,buy,-,23-07-27,157.68,10.46,5.63,6.0%,4.1%,"转债占流动市值比：6.0%
转债占总市值比：4.1%",0.00,300407,sz123014,有效期：-；质押代码：123014,123014；2019-02-11 开始转股,全价：137.706 最后更新：13:30:42
110053,苏银转债,sh600919,江苏银行,C,6.37,2021-06-18,2019-09-20,2025-03-13,,,,,y,,15,30,0,0.82,2022-01-17,2022-01-17,0.58,111.000,n,130.000,15,30,0,,X,200.000,199.993,AAA,AAA,无担保,,,,shmb,,,110053,110053,1.7320,704919,733919,,N,N,26.970,buy,R,,0.51,N,14769628784.0,14679866951.0,Y,6.47,49720.18,0.00%,00,buy,buy,buy,13:30:28,101.57,19.98%,3.153,-0.97%,-1.97%,121.860,121.860,-0.41%,14083.38,Y,0,0,,-,,N,-,buy,-,25-03-13,141.84,8.28,-,21.1%,20.9%,"转债占流动市值比：21.1%
转债占总市值比：20.9%",0.00,600919,sh110053,有效期：2022-01-17 到 2022-01-17；质押代码：110053,110053；2019-09-20 开始转股,全价：121.860 最后更新：13:30:28
123118,惠城转债,sz300779,惠城环保,C,17.11,,2022-01-13,2027-07-06,2025-07-07,,,100.000,y,68.17,30,30,0,0.00,,,1.84,115.000,n,130.000,15,30,0,,X,3.200,3.200,A+,A+,无,,,,szcy,,,123118,123118,3.2000,380779,370779,,N,N,33.230,-,,,2.47,N,100000000.0,69884304.0,Y,17.57,1461.77,2.57%,00,buy,buy,buy,13:30:27,102.69,20.47%,5.468,-0.31%,-0.98%,123.710,123.710,0.96%,723.46,Y,0,0,,-,,N,-,buy,-,27-07-06,144.18,22.24,11.98,26.1%,18.2%,"转债占流动市值比：26.1%
转债占总市值比：18.2%",0.00,300779,sz123118,有效期：-；质押代码：123118,123118；2022-01-13 开始转股,全价：123.710 最后更新：13:30:27
110063,鹰19转债,sh600567,山鹰国际,C,3.26,2021-07-05,2020-06-19,2025-12-12,2023-12-12,,,100.000,y,69.36,30,30,0,0.00,,,0.20,111.000,n,130.000,15,30,0,,X,18.600,18.092,AA+,AA+,无担保,,,,shmb,,,110063,110063,0.4120,704567,733567,,N,N,31.650,buy,R,,0.92,N,4616166707.0,4616166707.0,Y,3.29,9420.32,0.00%,00,buy,buy,buy,13:30:33,100.92,20.70%,3.904,-1.40%,-2.08%,121.810,121.810,0.14%,450.02,Y,0,0,,-,,N,-,buy,-,25-12-12,142.51,4.24,2.28,11.9%,11.9%,"转债占流动市值比：11.9%
转债占总市值比：11.9%",0.00,600567,sh110063,有效期：-；质押代码：110063,110063；2020-06-19 开始转股,全价：121.810 最后更新：13:30:33
123129,锦鸡转债,sz300798,锦鸡股份,C,9.53,,2022-05-10,2027-11-03,2025-11-03,,,100.000,y,56.61,30,30,0,0.00,,,0.64,112.000,n,120.000,20,30,0,,X,6.000,6.000,AA-,AA-,无,,,,szcy,,,未到转股期,123129,1.4362,380798,370798,,N,N,32.210,-,,,3.37,N,417748945.0,210221808.0,Y,10.10,1297.60,1.51%,00,buy,buy,buy,13:30:42,105.98,20.59%,5.797,-1.42%,-1.95%,127.799,127.799,1.15%,485.97,Y,0,0,,-,,N,-,buy,-,27-11-03,148.39,11.44,5.72,28.3%,14.2%,"转债占流动市值比：28.3%
转债占总市值比：14.2%",0.00,300798,sz123129,有效期：-；质押代码：123129,未到转股期；2022-05-10 开始转股,全价：127.799 最后更新：13:30:42
123107,温氏转债,sz300498,温氏股份,C,17.62,2021-07-08,2021-10-08,2027-03-28,2025-03-28,,,100.000,y,63.61,30,30,0,0.88,2022-01-17,2022-01-17,0.87,108.000,n,130.000,15,30,0,,X,92.970,92.965,AAA,AAA,无,,,,szcy,,,123107,123107,1.4587,380498,370498,,N,N,73.790,buy,R,,3.41,N,6351814344.0,4728906382.0,Y,19.39,75562.94,-0.10%,00,buy,buy,buy,13:30:42,110.05,20.72%,5.195,-3.12%,-3.55%,132.853,132.853,0.74%,10673.35,Y,0,0,,-,,N,-,buy,-,27-03-28,153.57,22.91,12.33,10.1%,7.5%,"转债占流动市值比：10.1%
转债占总市值比：7.5%",0.00,300498,sz123107,有效期：2022-01-17 到 2022-01-17；质押代码：123107,123107；2021-10-08 开始转股,全价：132.853 最后更新：13:30:42
110079,杭银转债,sh600926,杭州银行,C,12.99,2021-08-30,2021-10-08,2027-03-29,,,,,y,,0,0,0,0.84,2022-01-17,2022-01-17,0.72,108.000,n,130.000,15,30,0,,X,150.000,149.993,AAA,AAA,无,,,,shmb,,,110079,110079,2.5290,704926,733926,,N,N,42.340,buy,R,,0.91,Y,5930255051.0,5060452059.0,Y,13.41,14301.66,-0.52%,00,buy,buy,buy,13:30:38,103.23,20.82%,5.197,-2.01%,-2.43%,124.720,124.720,-0.08%,13521.41,Y,1,1,,-,,N,-,buy,-,27-03-29,145.54,16.89,-,22.1%,18.9%,"转债占流动市值比：22.1%
转债占总市值比：18.9%",0.00,600926,sh110079,有效期：2022-01-17 到 2022-01-17；质押代码：110079,110079；2021-10-08 开始转股,全价：124.720 最后更新：13:30:38
123130,设研转债,sz300732,设研院,C,11.24,,2022-05-17,2027-11-10,2025-11-10,,,100.000,y,63.66,30,30,0,0.00,,,0.83,112.000,n,130.000,15,30,0,,X,3.760,3.760,AA,AA,无,,,,szcy,,,未到转股期,123130,1.3718,380732,370732,,N,N,63.570,-,,,1.34,N,275296402.0,269066970.0,Y,12.36,1883.49,0.98%,00,buy,buy,buy,13:30:39,109.96,20.85%,5.816,-2.19%,-2.68%,132.884,132.884,0.74%,414.19,Y,0,0,,-,,N,-,buy,-,27-11-10,153.73,14.61,7.87,11.3%,11.1%,"转债占流动市值比：11.3%
转债占总市值比：11.1%",0.00,300732,sz123130,有效期：-；质押代码：123130,未到转股期；2022-05-17 开始转股,全价：132.884 最后更新：13:30:39
128029,太阳转债,sz002078,太阳纸业,C,8.45,2021-07-08,2018-06-28,2022-12-22,2020-12-22,,,100.000,y,50.82,30,30,0,0.00,,,0.37,106.000,n,130.000,15,30,0,,N,12.000,9.086,AA+,AA+,无担保,,,,szmb,2022年1月1日公告：本次不提前赎回，至存续期结束前（即2022年12月22日前）均不行使提前赎回权利,,128029,128029,0.4628,082078,072078,,N,N,73.570,buy,R,,1.63,N,2687002843.0,2612712093.0,Y,11.64,9214.47,0.43%,00,buy,buy,buy,13:30:42,137.75,20.87%,0.929,-39.11%,-39.89%,166.500,166.500,0.30%,557.94,Y,0,0,G,-,,N,-,buy,-,22-12-22,187.37,10.98,5.92,3.0%,2.9%,"转债占流动市值比：3.0%
转债占总市值比：2.9%",0.00,002078,sz128029,有效期：-；质押代码：128029,128029；2018-06-28 开始转股,全价：166.500 最后更新：13:30:42
110047,山鹰转债,sh600567,山鹰国际,C,3.30,2021-07-05,2019-05-27,2024-11-21,2022-11-21,,,100.000,y,70.21,30,30,0,0.00,,,0.48,113.000,n,130.000,15,30,0,,X,23.000,22.455,AA+,AA+,无担保,,,,shmb,,,110047,110047,0.5030,704567,733567,,N,N,14.080,buy,R,,0.92,N,4616166707.0,4616166707.0,Y,3.29,9420.32,0.00%,00,buy,buy,buy,13:29:34,99.70,20.89%,2.847,-1.21%,-2.21%,120.530,120.530,-0.10%,1294.29,Y,0,0,,-,,N,-,buy,-,24-11-21,141.42,4.29,2.31,14.8%,14.8%,"转债占流动市值比：14.8%
转债占总市值比：14.8%",0.00,600567,sh110047,有效期：-；质押代码：110047,110047；2019-05-27 开始转股,全价：120.530 最后更新：13:29:34
113502,嘉澳转债,sh603822,嘉澳环保,C,44.64,2021-06-24,2018-05-17,2023-11-09,2021-11-10,,,100.000,y,62.09,30,30,0,0.00,,,24.87,108.000,n,130.000,15,30,0,,X,1.850,1.844,AA-,A+,公司控股股东桐乡市顺昌投资有限公司,,,,shmb,,,113502,113502,2.5220,753822,754822,,N,N,59.814,buy,,,4.24,N,73362554.0,72518133.0,Y,50.33,11786.94,7.13%,00,buy,buy,buy,13:30:34,112.75,21.01%,1.811,-11.39%,-12.26%,136.440,136.440,3.36%,6183.80,Y,0,0,,-,,N,-,buy,-,23-11-09,157.45,58.03,31.25,5.1%,5.0%,"转债占流动市值比：5.1%
转债占总市值比：5.0%",0.00,603822,sh113502,有效期：-；质押代码：113502,113502；2018-05-17 开始转股,全价：136.440 最后更新：13:30:34
128021,兄弟转债,sz002562,兄弟科技,C,5.19,2021-01-08,2018-06-04,2023-11-28,2021-11-28,,,100.000,y,65.22,30,30,0,0.00,,,15.82,106.000,n,130.000,20,30,0,,X,7.000,2.653,AA,AA,无担保,,,,szmb,,,128021,128021,1.2929,082562,072562,,N,N,88.590,buy,,,1.97,N,1062875349.0,700080851.0,Y,5.57,21828.63,-3.80%,00,buy,buy,buy,13:30:42,107.32,21.04%,1.863,-9.73%,-10.39%,129.898,129.898,0.23%,5464.07,Y,1,1,,-,,N,-,buy,-,23-11-28,150.94,6.75,3.63,6.8%,4.5%,"转债占流动市值比：6.8%
转债占总市值比：4.5%",0.00,002562,sz128021,有效期：-；质押代码：128021,128021；2018-06-04 开始转股,全价：129.898 最后更新：13:30:42
113044,大秦转债,sh601006,大秦铁路,C,7.18,2021-07-08,2021-06-18,2026-12-13,2024-12-13,,,100.000,y,77.68,30,30,0,0.74,2022-01-17,2022-01-17,0.34,108.000,n,120.000,15,30,0,,X,320.000,319.992,AAA,AAA,无担保,,,,shmb,,,113044,113044,2.1520,764006,783006,,N,N,72.460,buy,R,,0.78,N,14866908025.0,14866908025.0,Y,6.47,8152.87,0.31%,00,buy,buy,buy,13:30:40,90.11,21.13%,4.907,0.89%,0.37%,109.150,109.150,0.07%,12054.41,Y,0,0,,-,,N,-,buy,-,26-12-13,130.28,8.62,5.03,33.3%,33.3%,"转债占流动市值比：33.3%
转债占总市值比：33.3%",0.00,601006,sh113044,有效期：2022-01-17 到 2022-01-17；质押代码：113044,113044；2021-06-18 开始转股,全价：109.150 最后更新：13:30:40
128073,哈尔转债,sz002615,哈尔斯,C,5.70,2021-12-31,2020-02-28,2024-08-22,2022-08-22,,,100.000,y,68.44,30,30,0,0.00,,,5.76,112.000,n,130.000,15,30,0,,X,3.000,2.987,AA-,AA-,股份质押的担保方式,,,,szmb,,,128073,128073,0.7309,082615,072615,,N,N,27.880,buy,,,2.66,N,414119070.0,231116395.0,Y,5.83,6229.76,1.75%,00,buy,buy,buy,13:30:42,102.28,21.14%,2.597,-3.03%,-3.98%,123.903,123.903,1.27%,2136.57,Y,0,0,,-,,N,-,buy,-,24-08-22,145.04,7.41,3.99,22.2%,12.4%,"转债占流动市值比：22.2%
转债占总市值比：12.4%",0.00,002615,sz128073,有效期：-；质押代码：128073,128073；2020-02-28 开始转股,全价：123.903 最后更新：13:30:42
110081,闻泰转债,sh600745,闻泰科技,C,96.67,,2022-02-03,2027-07-27,2025-07-28,,,100.000,y,55.38,30,30,0,0.00,,,1.86,108.000,n,130.000,15,30,0,,X,86.000,86.000,AA+,AA+,无,,,,shmb,,,未到转股期,110081,6.9070,704745,733745,,N,N,55.670,buy,R,,4.62,N,1246210166.0,936607734.0,Y,122.20,117713.40,2.52%,00,buy,buy,buy,13:30:42,126.41,21.07%,5.526,-5.57%,-5.93%,153.050,153.050,4.07%,24239.64,Y,0,0,,-,,N,-,buy,-,27-07-27,174.12,125.67,67.67,7.5%,5.6%,"转债占流动市值比：7.5%
转债占总市值比：5.6%",0.00,600745,sh110081,有效期：-；质押代码：110081,未到转股期；2022-02-03 开始转股,全价：153.050 最后更新：13:30:42
128053,尚荣转债,sz002551,尚荣医疗,C,4.88,2021-08-11,2019-08-20,2025-02-14,2023-02-14,,,100.000,y,57.80,30,30,0,0.00,,,96.28,110.000,n,130.000,15,30,0,,X,7.500,1.902,AA,AA,未提供担保,,,,szmb,,,128053,128053,1.0624,082551,072551,,N,N,15.800,buy,,,1.58,N,844682953.0,580891384.0,Y,5.91,17309.93,-1.17%,00,buy,buy,buy,13:30:42,121.11,21.19%,3.079,-7.96%,-8.69%,146.774,146.774,-0.83%,27092.93,Y,0,0,,-,,N,-,buy,-,25-02-14,167.96,6.34,3.42,5.5%,3.8%,"转债占流动市值比：5.5%
转债占总市值比：3.8%",0.00,002551,sz128053,有效期：-；质押代码：128053,128053；2019-08-20 开始转股,全价：146.774 最后更新：13:30:42
128033,迪龙转债,sz002658,雪迪龙,C,8.56,2021-10-19,2018-07-03,2023-12-27,2021-12-27,,,100.000,y,66.65,30,30,0,0.00,,,5.70,106.000,n,130.000,15,30,0,,X,5.200,2.977,AA,AA,无担保,,,,szmb,,,128033,128033,0.8596,082658,072658,,N,N,70.040,buy,,,2.26,N,630057171.0,332754681.0,Y,8.99,4349.77,1.12%,00,buy,buy,buy,13:30:42,105.02,21.28%,1.942,-8.42%,-9.07%,127.366,127.366,1.00%,2156.34,Y,1,1,,-,,N,-,buy,-,23-12-27,148.65,11.13,5.99,10.0%,5.3%,"转债占流动市值比：10.0%
转债占总市值比：5.3%",0.00,002658,sz128033,有效期：-；质押代码：128033,128033；2018-07-03 开始转股,全价：127.366 最后更新：13:30:42
113516,苏农转债,sh603323,苏农银行,C,5.37,2021-06-08,2019-02-11,2024-08-01,,,,,n,,15,30,0,0.00,,,1.26,110.000,n,130.000,15,30,0,,X,25.000,12.885,AA+,AA+,无担保,,,,shmb,,,113516,113516,1.7260,753323,754323,,N,N,28.630,buy,R,,0.73,N,1803070253.0,1517793985.0,Y,5.26,11196.16,-1.31%,00,buy,buy,buy,13:30:26,97.95,21.80%,2.540,-2.04%,-2.96%,119.300,119.300,0.17%,1936.71,Y,0,0,,-,,N,-,buy,-,24-08-01,141.10,6.98,-,16.1%,13.6%,"转债占流动市值比：16.1%
转债占总市值比：13.6%",0.00,603323,sh113516,有效期：-；质押代码：113516,113516；2019-02-11 开始转股,全价：119.300 最后更新：13:30:26
113601,塞力转债,sh603716,塞力医疗,C,16.98,,2021-03-01,2026-08-20,2024-08-20,,,100.000,y,68.39,30,30,0,0.00,,,11.28,115.000,n,130.000,15,30,0,,X,5.430,5.429,AA-,AA-,无担保,,,,shmb,,,113601,113601,2.7390,753716,754716,,N,N,67.160,buy,,,2.20,N,205018993.0,201323345.0,Y,17.38,28670.21,0.58%,00,buy,buy,buy,13:30:40,102.36,21.82%,4.592,-0.70%,-1.47%,124.700,124.700,0.59%,7638.14,Y,0,0,,-,,N,-,buy,-,26-08-20,146.52,22.07,11.89,15.5%,15.2%,"转债占流动市值比：15.5%
转债占总市值比：15.2%",0.00,603716,sh113601,有效期：-；质押代码：113601,113601；2021-03-01 开始转股,全价：124.700 最后更新：13:30:40
123062,三超转债,sz300554,三超新材,C,17.13,2021-06-07,2021-02-01,2026-07-26,2024-07-26,,,100.000,y,67.48,30,30,0,0.00,,,21.18,113.000,n,130.000,15,30,0,,X,1.950,1.948,A,A,无担保,,,,szcy,,,123062,123062,2.0833,380554,370554,,N,N,77.000,buy,,,2.85,N,93613367.0,65242104.0,Y,17.77,5331.20,4.35%,00,buy,buy,buy,13:30:42,103.74,21.83%,4.523,-1.31%,-2.04%,126.384,126.384,2.92%,5194.77,Y,0,0,,-,,N,-,buy,-,26-07-26,148.21,22.27,11.99,16.8%,11.7%,"转债占流动市值比：16.8%
转债占总市值比：11.7%",0.00,300554,sz123062,有效期：-；质押代码：123062,123062；2021-02-01 开始转股,全价：126.384 最后更新：13:30:42
128037,岩土转债,sz002542,中化岩土,C,3.10,2021-07-07,2018-09-21,2024-03-15,2022-03-15,,,100.000,y,73.06,30,30,0,0.00,,,1.56,108.000,n,130.000,15,30,0,,X,6.037,6.028,AA,AA,无担保,,,,szmb,,,128037,128037,0.3333,082542,072542,,N,N,13.370,buy,,,1.30,N,1805339752.0,1498193375.0,Y,2.97,2626.73,0.68%,00,buy,buy,buy,13:30:30,95.81,21.88%,2.159,-2.24%,-3.17%,116.774,116.774,0.93%,1094.65,Y,1,1,,-,,N,-,buy,-,24-03-15,138.65,4.03,2.17,13.5%,11.2%,"转债占流动市值比：13.5%
转债占总市值比：11.2%",0.00,002542,sz128037,有效期：-；质押代码：128037,128037；2018-09-21 开始转股,全价：116.774 最后更新：13:30:30
128078,太极转债,sz002368,太极股份,C,22.21,2021-07-12,2020-04-27,2025-10-21,2023-10-23,,,100.000,y,54.86,30,30,0,0.00,,,13.00,112.000,n,130.000,15,30,0,,N,10.000,9.599,AA,AA,无担保,,,,szmb,2021年11月29日公告：本次（2021年10月14日至2021年11月25日）不行使提前赎回权利，至2022年6月30日均不提前赎回,,128078,128078,2.4226,082368,072368,,N,N,61.950,buy,R,,4.71,N,579659936.0,575985883.0,Y,28.34,62555.55,10.02%,00,buy,buy,buy,13:30:42,127.60,22.03%,3.762,-7.58%,-8.27%,155.710,155.710,6.29%,19092.67,Y,0,0,G,-,,N,-,buy,-,25-10-21,177.74,28.87,15.55,5.9%,5.8%,"转债占流动市值比：5.9%
转债占总市值比：5.8%",0.00,002368,sz128078,有效期：-；质押代码：128078,128078；2020-04-27 开始转股,全价：155.710 最后更新：13:30:42
127043,川恒转债,sz002895,川恒股份,C,21.02,,2022-02-18,2027-08-11,2025-08-11,,,100.000,y,54.50,30,30,0,0.00,,,10.62,115.000,n,130.000,15,30,0,,X,11.600,11.600,AA-,AA-,无担保,,,,szmb,,,未到转股期,127043,2.3749,082895,072895,,N,N,59.730,buy,,,3.90,N,488423000.0,488017500.0,Y,27.00,67173.74,5.10%,00,buy,buy,buy,13:30:42,128.45,22.08%,5.567,-4.63%,-5.23%,156.812,156.812,2.48%,19161.46,Y,0,0,,-,,N,-,buy,-,27-08-11,178.89,27.33,14.71,8.8%,8.8%,"转债占流动市值比：8.8%
转债占总市值比：8.8%",0.00,002895,sz127043,有效期：-；质押代码：127043,未到转股期；2022-02-18 开始转股,全价：156.812 最后更新：13:30:42
110075,南航转债,sh600029,南方航空,C,6.24,,2021-04-21,2026-10-14,2024-10-14,,,100.000,y,62.58,30,30,0,0.91,2022-01-17,2022-01-17,0.76,106.500,n,130.000,15,30,0,,X,160.000,58.960,AAA,AAA,无担保,,,,shmb,,,110075,110075,1.4470,704029,733029,,N,N,76.060,buy,R,,1.61,N,16948438028.0,10219858722.0,Y,6.98,12881.21,0.43%,00,buy,buy,buy,13:30:43,111.86,22.11%,4.742,-4.55%,-4.91%,136.590,136.590,-0.02%,6176.37,Y,0,0,,-,,N,-,buy,-,26-10-14,158.70,8.11,4.37,8.3%,5.0%,"转债占流动市值比：8.3%
转债占总市值比：5.0%",0.00,600029,sh110075,有效期：2022-01-17 到 2022-01-17；质押代码：110075,110075；2021-04-21 开始转股,全价：136.590 最后更新：13:30:43
