bond_id,bond_nm,stock_id,stock_nm,btype,convert_price,convert_price_valid_from,convert_dt,maturity_dt,next_put_dt,put_dt,put_notes,put_price,put_inc_cpn_fl,put_convert_price_ratio,put_count_days,put_total_days,put_real_days,repo_discount_rt,repo_valid_from,repo_valid_to,turnover_rt,redeem_price,redeem_inc_cpn_fl,redeem_price_ratio,redeem_count_days,redeem_total_days,redeem_real_days,redeem_dt,redeem_flag,orig_iss_amt,curr_iss_amt,rating_cd,issuer_rating_cd,guarantor,ssc_dt,esc_dt,sc_notes,market_cd,force_redeem,real_force_redeem_price,convert_cd,repo_cd,ration,ration_cd,apply_cd,online_offline_ratio,qflag,qflag2,ration_rt,fund_rt,margin_flg,lt_bps,pb,pb_flag,total_shares,float_shares,sqflg,sprice,svolume,sincrease_rt,qstatus,bond_value,bond_value2,volatility_rate,last_time,convert_value,premium_rt,year_left,ytm_rt,ytm_rt_tax,price,full_price,increase_rt,volume,convert_price_valid,adj_scnt,adj_cnt,redeem_icon,ref_yield_info,adjust_tip,adjusted,option_tip,bond_value3,left_put_year,short_maturity_dt,dblow,force_redeem_price,put_convert_price,convert_amt_ratio,convert_amt_ratio2,convert_amt_ratio_tips,stock_net_value,stock_cd,pre_bond_id,repo_valid,convert_cd_tip,price_tips
127052,杭锅转债,sz002534,杭锅股份,C,28.08,,2022-06-30,2027-12-23,2025-12-23,,,100.000,y,65.56,30,30,0,0.00,,,,110.000,n,130.000,15,30,0,,X,11.100,11.100,AA,AA,无,,,,szmb,,,未到转股期,127052,1.5445,082534,072534,,N,N,72.180,-,,,6.42,N,739201050.0,725645705.0,Y,29.98,12623.35,3.09%,00,buy,buy,buy,,106.77,-6.34%,5.932,2.44%,1.97%,100.000,100.000,0.00%,0.00,Y,0,0,,-,,N,-,buy,-,27-12-23,93.66,36.50,19.66,5.1%,5.0%,"转债占流动市值比：5.1%
转债占总市值比：5.0%",0.00,002534,sz127052,有效期：-；质押代码：127052,未到转股期；2022-06-30 开始转股,待上市
113637,华翔转债,sh603112,华翔股份,C,12.99,,2022-06-28,2027-12-22,2025-12-22,,,100.000,y,65.84,30,30,0,0.00,,,,115.000,n,130.000,15,30,0,,X,8.000,8.000,AA-,AA-,无,,,,shmb,,,未到转股期,113637,1.8300,753112,754112,,N,N,77.900,-,,,3.04,N,436090490.0,153864926.0,Y,13.81,3780.74,-0.86%,00,buy,buy,buy,,106.31,-5.94%,5.929,3.33%,2.70%,100.000,100.000,0.00%,0.00,Y,0,0,,-,,N,-,buy,-,27-12-22,94.06,16.89,9.09,37.6%,13.3%,"转债占流动市值比：37.6%
转债占总市值比：13.3%",0.00,603112,sh113637,有效期：-；质押代码：113637,未到转股期；2022-06-28 开始转股,待上市
113638,台21转债,sh603055,台华新材,C,16.87,,2022-07-05,2027-12-28,2025-12-29,,,100.000,y,65.97,30,30,0,0.00,,,,112.000,n,130.000,15,30,0,,X,6.000,6.000,AA,AA,,,,,shmb,,,未到转股期,113638,0.6910,753055,754055,,N,N,60.150,-,,,4.33,N,868874372.0,804671904.0,Y,17.90,11896.22,-1.21%,00,buy,buy,buy,,106.11,-5.75%,5.945,2.74%,2.21%,100.000,100.000,0.00%,0.00,Y,0,0,,-,,N,-,buy,-,27-12-28,94.25,21.93,11.81,4.2%,3.9%,"转债占流动市值比：4.2%
转债占总市值比：3.9%",0.00,603055,sh113638,有效期：-；质押代码：113638,未到转股期；2022-07-05 开始转股,待上市
113026,核能转债,sh601985,中国核电,C,5.73,2021-07-16,2019-10-21,2025-04-14,2023-04-17,,,100.000,y,54.42,30,30,0,0.86,2022-01-19,2022-01-19,31.58,105.000,n,130.000,15,30,15,,Y,78.000,64.155,AAA,AAA,无担保,,,,shmb,,,113026,113026,0.5010,764985,783985,,N,N,79.230,buy,R,,1.73,N,17522710852.0,17074949659.0,Y,7.37,209944.45,-1.21%,00,buy,buy,buy,14:59:58,128.62,-1.87%,3.238,-4.44%,-4.93%,126.220,126.220,-2.89%,253472.89,Y,0,0,O,-,,N,-,buy,-,25-04-14,124.35,7.45,4.01,5.1%,5.0%,"转债占流动市值比：5.1%
转债占总市值比：5.0%",0.00,601985,sh113026,有效期：2022-01-19 到 2022-01-19；质押代码：113026,113026；2019-10-21 开始转股,全价：126.220 最后更新：14:59:58
123136,城市转债,sz300778,新城市,C,21.18,,2022-07-27,2028-01-20,2026-01-20,,,100.000,y,69.12,30,30,0,,,,,115.000,n,130.000,15,30,0,,X,4.600,4.600,AA-,AA-,无,,,,szcy,,,未到转股期,123136,3.6800,380778,370778,,N,N,,-,,,2.69,N,125000000.0,57622625.0,Y,21.45,4838.15,2.00%,00,-,-,buy,,101.27,-1.26%,5.997,3.24%,2.62%,100.000,100.000,0.00%,0.00,Y,0,0,,计算使用6.0年期 评级为AA- 债参考YTM：6.6152,,N,,-,-,28-01-20,98.74,27.53,14.83,37.2%,17.2%,"转债占流动市值比：37.2%
转债占总市值比：17.2%",0.00,300778,sz123136,有效期：-；质押代码：123136,未到转股期；2022-07-27 开始转股,待上市
123135,泰林转债,sz300813,泰林生物,C,87.38,,2022-07-04,2027-12-27,2025-12-29,,,100.000,y,69.23,30,30,0,0.00,,,,115.000,n,130.000,15,30,0,,X,2.100,2.100,A+,A+,无,,,,szcy,,,未到转股期,123135,4.0407,380813,370813,,N,N,78.220,-,,,9.46,N,51970000.0,16277000.0,Y,88.35,6693.39,-2.00%,00,buy,buy,buy,,101.11,-1.10%,5.942,3.41%,2.76%,100.000,100.000,0.00%,0.00,Y,0,0,,-,,N,-,buy,-,27-12-27,98.90,113.59,61.17,14.6%,4.6%,"转债占流动市值比：14.6%
转债占总市值比：4.6%",0.00,300813,sz123135,有效期：-；质押代码：123135,未到转股期；2022-07-04 开始转股,待上市
128050,钧达转债,sz002865,钧达股份,C,14.81,2021-11-26,2019-06-14,2024-12-10,2022-12-10,,,100.000,y,17.53,30,30,0,0.00,,,122.27,118.000,n,130.000,15,30,30,2022-01-27,Y,3.200,0.455,AA-,AA-,中汽塑料,,,,szmb,"最后交易日：2022年1月27日
最后转股日：2022年1月27日
赎回价：100.21元/张",100.210,128050,128050,2.6298,082865,072865,,N,N,17.350,buy,,,7.77,N,137291465.0,133915115.0,Y,59.15,13082.90,-0.74%,00,buy,buy,buy,15:14:03,399.39,-0.60%,2.896,-33.85%,-34.62%,396.981,396.981,-0.35%,21970.10,Y,1,1,R,-,,N,-,buy,-,24-12-10,396.38,19.25,10.37,0.6%,0.6%,"转债占流动市值比：0.6%
转债占总市值比：0.6%",0.00,002865,sz128050,有效期：-；质押代码：128050,128050；2019-06-14 开始转股,全价：396.981 最后更新：15:14:03
127007,湖广转债,sz000665,湖北广电,C,5.58,2020-07-17,2019-01-04,2024-06-28,2022-06-28,,,100.000,y,38.37,30,30,0,0.00,,,893.53,108.000,n,130.000,15,30,10,,X,17.336,4.820,AA+,AA+,无担保,,,,szmb,,,127007,127007,2.7248,080665,070665,,N,N,16.550,buy,R,,1.74,N,1014363870.0,1014306085.0,Y,10.18,315751.89,-4.68%,00,buy,buy,buy,15:14:03,182.44,-0.51%,2.444,-18.39%,-19.03%,181.500,181.500,-7.46%,814315.95,Y,1,1,,-,,N,-,buy,-,24-06-28,180.99,7.25,3.91,4.7%,4.7%,"转债占流动市值比：4.7%
转债占总市值比：4.7%",0.00,000665,sz127007,有效期：-；质押代码：127007,127007；2019-01-04 开始转股,全价：181.500 最后更新：15:14:03
128106,华统转债,sz002840,华统股份,C,9.37,2021-06-30,2020-10-16,2026-04-09,2024-04-09,,,100.000,y,35.57,30,30,0,0.00,,,59.93,108.000,n,130.000,15,30,0,,N,5.500,4.106,AA,AA,连带责任保证,,,,szmb,2021年12月25日公告：本次（2021年12月6日至2021年12月24日）不提前赎回，至2022年6月26日均不提前赎回,,128106,128106,1.9826,082840,072840,,N,N,67.140,buy,,,4.84,N,456240764.0,444778364.0,Y,18.44,21980.90,0.82%,00,buy,buy,buy,15:14:03,196.80,-0.41%,4.225,-12.45%,-12.90%,196.000,196.000,1.35%,48143.27,Y,0,0,G,-,,N,-,buy,-,26-04-09,195.59,12.18,6.56,5.0%,4.9%,"转债占流动市值比：5.0%
转债占总市值比：4.9%",0.00,002840,sz128106,有效期：-；质押代码：128106,128106；2020-10-16 开始转股,全价：196.000 最后更新：15:14:03
127011,中鼎转2,sz000887,中鼎股份,C,11.39,2021-06-07,2019-09-16,2025-03-08,2023-03-08,,,100.000,y,31.05,30,30,0,0.00,,,25.55,110.000,n,130.000,15,30,11,,X,12.000,11.987,AA+,AA+,无担保,,,,szmb,,,127011,127011,0.9829,080887,070887,,N,N,63.530,buy,R,,3.31,N,1211364474.0,1208772051.0,Y,25.68,78820.98,0.20%,00,buy,buy,buy,15:14:03,225.46,0.07%,3.137,-19.76%,-20.37%,225.625,225.625,-3.07%,69430.65,Y,0,0,,-,,N,-,buy,-,25-03-08,225.69,14.81,7.97,3.9%,3.9%,"转债占流动市值比：3.9%
转债占总市值比：3.9%",0.00,000887,sz127011,有效期：-；质押代码：127011,127011；2019-09-16 开始转股,全价：225.625 最后更新：15:14:03
113591,胜达转债,sh603687,大胜达,C,8.76,2021-06-11,2021-01-08,2026-06-30,2024-07-01,,,100.000,y,50.51,30,30,0,0.00,,,15.15,116.000,n,130.000,15,30,10,,X,5.500,5.168,AA-,AA-,股票质押担保,,,,shmb,,,113591,113591,1.3300,753687,754687,,N,N,69.650,buy,,,2.75,N,414413879.0,145371179.0,Y,12.14,4326.33,-0.65%,00,buy,buy,buy,14:59:58,138.58,0.30%,4.449,-3.00%,-3.79%,139.000,139.000,-0.70%,10955.33,Y,2,2,,-,,N,-,buy,-,26-06-30,139.30,11.39,6.13,29.3%,10.3%,"转债占流动市值比：29.3%
转债占总市值比：10.3%",0.00,603687,sh113591,有效期：-；质押代码：113591,113591；2021-01-08 开始转股,全价：139.000 最后更新：14:59:58
123111,东财转3,sz300059,东方财富,C,23.35,2021-05-27,2021-10-13,2027-04-06,2025-04-07,,,100.000,y,49.41,30,30,0,0.00,,,6.87,107.000,n,130.000,15,30,11,,X,158.000,150.854,AA+,AA+,无,,,,szcy,,,123111,123111,1.8344,380059,370059,,N,N,71.340,buy,R,,8.36,N,10366327855.0,8592810347.0,Y,33.08,375467.18,0.55%,00,buy,buy,buy,15:14:03,141.67,0.52%,5.216,-4.80%,-5.14%,142.400,142.400,-1.79%,148156.27,Y,0,0,,-,,N,-,buy,-,27-04-06,142.92,30.36,16.34,5.3%,4.4%,"转债占流动市值比：5.3%
转债占总市值比：4.4%",0.00,300059,sz123111,有效期：-；质押代码：123111,123111；2021-10-13 开始转股,全价：142.400 最后更新：15:14:03
128046,利尔转债,sz002258,利尔化学,C,18.42,2021-04-13,2019-04-23,2024-10-17,2022-10-17,,,100.000,y,38.72,30,30,0,0.00,,,14.00,108.000,n,130.000,20,30,11,,X,8.520,8.076,AA,AA,无担保,,,,szmb,,,128046,128046,1.6247,082258,072258,,N,N,43.380,buy,R,,3.88,N,526773275.0,524181885.0,Y,33.30,37021.23,1.99%,00,buy,buy,buy,15:14:03,180.78,1.06%,2.748,-16.71%,-17.30%,182.704,182.704,1.67%,20537.67,Y,0,0,,-,,N,-,buy,-,24-10-17,183.76,23.95,12.89,4.6%,4.6%,"转债占流动市值比：4.6%
转债占总市值比：4.6%",0.00,002258,sz128046,有效期：-；质押代码：128046,128046；2019-04-23 开始转股,全价：182.704 最后更新：15:14:03
128085,鸿达转债,sz002002,鸿达兴业,C,3.91,2021-06-22,2020-06-22,2025-12-16,2023-12-18,,,100.000,y,48.88,30,30,0,0.00,,,21.38,118.000,n,130.000,15,30,0,,N,24.270,3.392,B,B,无担保,,,,szmb,2021年12月11日公告：本次不提前赎回鸿达转债，至2022年12月8日前均不提前赎回,,128085,128085,0.9374,082002,072002,,N,N,26.280,buy,R,,1.67,N,3120485457.0,3116603421.0,Y,5.60,66647.95,-3.95%,00,buy,buy,buy,15:14:03,143.22,1.25%,3.912,-4.04%,-5.00%,145.010,145.010,-3.26%,10739.38,Y,0,0,G,-,,N,-,buy,-,25-12-16,146.26,5.08,2.74,1.9%,1.9%,"转债占流动市值比：1.9%
转债占总市值比：1.9%",0.00,002002,sz128085,有效期：-；质押代码：128085,128085；2020-06-22 开始转股,全价：145.010 最后更新：15:14:03
128094,星帅转债,sz002860,星帅尔,C,13.80,2021-06-08,2020-07-22,2026-01-16,2024-01-16,,,100.000,y,43.20,30,30,0,0.00,,,22.46,115.000,n,130.000,15,30,11,,X,2.800,2.089,A+,A+,股份质押和保证,,,,szmb,,,128094,128094,2.3897,082860,072860,,N,N,75.030,buy,,,3.79,N,204206647.0,147145649.0,Y,22.36,9231.78,-0.97%,00,buy,buy,buy,15:14:03,162.03,1.80%,3.997,-7.73%,-8.51%,164.949,164.949,-1.75%,7875.39,Y,0,0,,-,,N,-,buy,-,26-01-16,166.75,17.94,9.66,6.3%,4.6%,"转债占流动市值比：6.3%
转债占总市值比：4.6%",0.00,002860,sz128094,有效期：-；质押代码：128094,128094；2020-07-22 开始转股,全价：164.949 最后更新：15:14:03
128013,洪涛转债,sz002325,洪涛股份,C,2.31,2021-12-13,2017-02-06,2022-07-29,2020-07-29,,,100.000,y,58.59,30,30,0,0.00,,,5.88,108.000,n,130.000,15,30,0,,X,12.000,10.607,A-,A-,无担保,,,,szmb,,,128013,128013,0.9980,082325,072325,10,N,N,,buy,R,,1.25,N,1325359461.0,1003074122.0,Y,2.76,3758.06,-2.13%,00,buy,buy,buy,15:14:03,119.48,1.98%,0.526,-21.61%,-24.11%,121.850,121.850,-0.56%,7631.79,Y,3,3,,-,,N,-,buy,-,22-07-29,123.83,3.00,1.62,38.3%,29.0%,"转债占流动市值比：38.3%
转债占总市值比：29.0%",0.00,002325,sz128013,有效期：-；质押代码：128013,128013；2017-02-06 开始转股,全价：121.850 最后更新：15:14:03
113541,荣晟转债,sh603165,荣晟环保,C,10.84,2021-05-17,2020-02-03,2025-07-22,2023-07-24,,,100.000,y,42.51,30,30,0,0.00,,,23.75,110.000,n,130.000,15,30,0,,N,3.300,1.628,AA-,AA-,股份质押和保证,,,,shmb,2021年11月22日公告：本次（2021年10月12日至2021年11月22日）不行使提前赎回权利，至2022年5月22日均不提前赎回,,113541,113541,1.8600,753165,754165,,N,N,24.502,buy,,,2.66,N,263201890.0,263201890.0,Y,17.85,4644.49,-2.35%,00,buy,buy,buy,14:59:40,164.67,2.07%,3.510,-10.58%,-11.20%,168.070,168.070,-1.40%,6543.54,Y,1,1,G,-,,N,-,buy,-,25-07-22,170.14,14.09,7.59,3.5%,3.5%,"转债占流动市值比：3.5%
转债占总市值比：3.5%",0.00,603165,sh113541,有效期：-；质押代码：113541,113541；2020-02-03 开始转股,全价：168.070 最后更新：14:59:40
123085,万顺转2,sz300057,万顺新材,C,6.20,2021-05-17,2021-06-17,2026-12-10,2024-12-10,,,100.000,y,46.37,30,30,0,0.00,,,15.02,108.000,n,130.000,15,30,11,,X,9.000,8.512,AA-,AA-,无担保,,,,szcy,,,123085,123085,1.3341,380057,370057,,N,N,66.940,buy,,,1.78,N,683644894.0,507430086.0,Y,9.36,24255.08,3.43%,00,buy,buy,buy,15:14:03,150.97,2.44%,4.896,-6.33%,-6.76%,154.648,154.648,1.82%,19896.16,Y,0,0,,-,,N,-,buy,-,26-12-10,157.09,8.06,4.34,17.9%,13.3%,"转债占流动市值比：17.9%
转债占总市值比：13.3%",0.00,300057,sz123085,有效期：-；质押代码：123085,123085；2021-06-17 开始转股,全价：154.648 最后更新：15:14:03
123012,万顺转债,sz300057,万顺新材,C,5.27,2021-05-17,2019-01-26,2024-07-20,2022-07-20,,,100.000,y,39.41,30,30,0,0.00,,,154.89,106.000,n,130.000,15,30,11,,X,9.500,1.225,AA-,AA-,无担保,,,,szcy,,,123012,123012,2.1607,380057,370057,,N,N,2.190,buy,,,1.78,N,683644894.0,507430086.0,Y,9.36,24255.08,3.43%,00,buy,buy,buy,15:14:03,177.61,2.47%,2.504,-18.68%,-19.19%,182.001,182.001,1.81%,35055.02,Y,0,0,,-,,N,-,buy,-,24-07-20,184.47,6.85,3.69,2.6%,1.9%,"转债占流动市值比：2.6%
转债占总市值比：1.9%",0.00,300057,sz123012,有效期：-；质押代码：123012,123012；2019-01-26 开始转股,全价：182.001 最后更新：15:14:03
113626,伯特转债,sh603596,伯特利,C,36.01,2021-10-28,2022-01-05,2027-06-28,2025-06-27,,,100.000,y,29.97,30,30,0,0.00,,,19.70,116.000,n,130.000,15,30,10,,X,9.020,9.016,AA,AA,无,,,,shmb,,,113626,113626,2.2130,753596,754596,,N,N,70.636,buy,,,10.34,N,408446000.0,406626000.0,Y,84.11,39045.10,-1.01%,00,buy,buy,buy,15:00:00,233.57,2.54%,5.444,-11.94%,-12.49%,239.500,239.500,-0.49%,42248.33,Y,0,0,,-,,N,-,buy,-,27-06-28,242.04,46.81,25.21,2.6%,2.6%,"转债占流动市值比：2.6%
转债占总市值比：2.6%",0.00,603596,sh113626,有效期：-；质押代码：113626,113626；2022-01-05 开始转股,全价：239.500 最后更新：15:00:00
123073,同和转债,sz300636,同和药业,C,14.82,2021-05-18,2021-05-06,2026-10-25,2024-10-26,,,100.000,y,45.48,30,30,0,0.00,,,22.10,116.000,n,130.000,20,30,4,,X,3.600,3.581,A+,A+,无担保,,,,szcy,,,123073,123073,2.7989,380636,370636,,N,N,70.695,buy,,,5.38,N,205906321.0,169027590.0,Y,22.81,6231.05,-2.89%,00,buy,buy,buy,15:14:03,153.91,2.65%,4.770,-5.40%,-6.11%,158.000,158.000,-2.31%,12518.35,Y,1,1,,-,,N,-,buy,-,26-10-25,160.65,19.27,10.37,9.3%,7.6%,"转债占流动市值比：9.3%
转债占总市值比：7.6%",0.00,300636,sz123073,有效期：-；质押代码：123073,123073；2021-05-06 开始转股,全价：158.000 最后更新：15:14:03
113017,吉视转债,sh601929,吉视传媒,C,2.23,2021-12-08,2018-07-03,2023-12-27,2021-12-27,,,100.000,y,56.15,30,30,0,0.00,,,110.75,106.000,n,130.000,15,30,0,,X,15.600,15.584,AA+,AA+,无担保,,,,shmb,,,113017,113017,0.5010,764929,783929,,N,N,3.800,buy,R,,1.24,N,3111176649.0,3111176649.0,Y,2.78,95446.78,9.88%,00,buy,buy,buy,15:00:00,124.66,2.80%,1.940,-8.72%,-9.37%,128.150,128.150,2.95%,226334.47,Y,1,1,,-,,N,-,buy,-,23-12-27,130.95,2.90,1.56,18.0%,18.0%,"转债占流动市值比：18.0%
转债占总市值比：18.0%",0.00,601929,sh113017,有效期：-；质押代码：113017,113017；2018-07-03 开始转股,全价：128.150 最后更新：15:00:00
132018,G三峡EB1,sh600900,长江电力,E,16.74,2021-07-16,2020-04-13,2024-04-09,2023-04-10,,,100.000,y,51.26,30,30,0,0.92,2022-01-19,2022-01-19,0.53,108.000,y,120.000,15,30,26,,X,200.000,160.494,AAA,AAA,长江电力A股股票及其孳息,,,,shmb,,,132018,132018,,,759001,,N,N,100.000,buy,R,,2.96,N,22741859230.0,22741859230.0,Y,22.86,83503.43,1.06%,00,buy,buy,buy,14:59:56,136.56,3.17%,2.225,-10.77%,-11.46%,140.500,140.890,0.36%,12083.72,Y,0,0,B,-,,N,-,buy,-,24-04-09,143.67,20.09,11.72,3.1%,3.1%,"转债占流动市值比：3.1%
转债占总市值比：3.1%",0.00,600900,sh132018,有效期：2022-01-19 到 2022-01-19；质押代码：132018,132018；2020-04-13 开始转股,全价：140.890 最后更新：14:59:56
128096,奥瑞转债,sz002701,奥瑞金,C,4.50,2021-06-09,2020-08-17,2026-02-11,2024-02-12,,,100.000,y,47.44,30,30,0,0.00,,,21.56,110.000,n,130.000,15,30,11,,X,10.870,5.663,AA+,AA+,无担保,,,,szmb,,,128096,128096,0.4614,082701,072701,,N,N,58.210,buy,R,,2.21,N,2447652008.0,2445438132.0,Y,6.64,23817.88,-2.92%,00,buy,buy,buy,15:14:03,147.56,3.49%,4.068,-6.78%,-7.39%,152.700,152.700,-7.69%,19014.53,Y,0,0,,-,,N,-,buy,-,26-02-11,156.19,5.85,3.15,3.5%,3.5%,"转债占流动市值比：3.5%
转债占总市值比：3.5%",0.00,002701,sz128096,有效期：-；质押代码：128096,128096；2020-08-17 开始转股,全价：152.700 最后更新：15:14:03
128128,齐翔转2,sz002408,齐翔腾达,C,5.69,2021-09-29,2021-02-26,2026-08-19,2024-08-19,,,100.000,y,38.15,30,30,0,0.00,,,5.76,110.000,n,130.000,15,30,11,,X,29.900,6.806,AA,AA,无担保,,,,szmb,,,128128,128128,1.7102,082408,072408,,N,N,76.460,buy,R,,2.38,N,2842637146.0,2771179688.0,Y,10.44,21757.84,-1.04%,00,buy,buy,buy,15:14:03,183.48,3.56%,4.586,-10.54%,-11.03%,190.006,190.006,-1.82%,7510.60,Y,0,0,,-,,N,-,buy,-,26-08-19,193.57,7.40,3.98,2.4%,2.3%,"转债占流动市值比：2.4%
转债占总市值比：2.3%",0.00,002408,sz128128,有效期：-；质押代码：128128,128128；2021-02-26 开始转股,全价：190.006 最后更新：15:14:03
123086,海兰转债,sz300065,海兰信,C,7.27,2021-07-15,2021-06-17,2026-12-10,2024-12-10,,,100.000,y,34.45,30,30,0,0.00,,,121.54,118.000,n,130.000,15,30,11,,X,7.300,4.817,AA-,AA-,无担保,,,,szcy,,,123086,123086,1.8358,380065,370065,,N,N,59.780,buy,R,,5.31,N,629856814.0,561691887.0,Y,14.77,83610.40,2.36%,00,buy,buy,buy,15:14:03,203.16,3.82%,4.896,-10.57%,-11.24%,210.918,210.918,0.03%,125084.27,Y,1,1,,-,,N,-,buy,-,26-12-10,214.74,9.45,5.09,5.8%,5.2%,"转债占流动市值比：5.8%
转债占总市值比：5.2%",0.00,300065,sz123086,有效期：-；质押代码：123086,123086；2021-06-17 开始转股,全价：210.918 最后更新：15:14:03
113053,隆22转债,sh601012,隆基股份,C,82.65,,2022-07-11,2028-01-04,2026-01-05,,,100.000,y,72.76,30,30,0,0.00,,,,107.000,n,130.000,15,30,0,,X,70.000,70.000,AAA,AAA,无,,,,shmb,,,未到转股期,113053,1.2930,764012,783012,,N,N,62.100,-,R,,9.35,N,5412952708.0,5412832854.0,Y,79.51,346127.26,-1.85%,00,buy,buy,buy,,96.20,3.95%,5.964,1.82%,1.47%,100.000,100.000,0.00%,0.00,Y,0,0,,-,,N,-,buy,-,28-01-04,103.95,107.44,57.85,1.6%,1.6%,"转债占流动市值比：1.6%
转债占总市值比：1.6%",0.00,601012,sh113053,有效期：-；质押代码：113053,未到转股期；2022-07-11 开始转股,待上市
128103,同德转债,sz002360,同德化工,C,5.08,2021-05-25,2020-10-09,2026-03-25,2024-03-25,,,100.000,y,38.57,30,30,0,0.00,,,80.27,115.000,n,130.000,15,30,11,,X,1.440,0.884,A+,A+,土地、固定资产等抵押方式,,,,szmb,,,128103,128103,0.3859,082360,072360,,N,N,31.100,buy,,,2.74,N,402376378.0,312278270.0,Y,9.22,10618.96,-1.39%,00,buy,buy,buy,15:14:03,181.50,4.05%,4.184,-10.25%,-10.99%,188.847,188.847,-0.61%,13657.22,Y,0,0,,-,,N,-,buy,-,26-03-25,192.90,6.60,3.56,3.1%,2.4%,"转债占流动市值比：3.1%
转债占总市值比：2.4%",0.00,002360,sz128103,有效期：-；质押代码：128103,128103；2020-10-09 开始转股,全价：188.847 最后更新：15:14:03
113549,白电转债,sh603861,白云电器,C,9.06,2021-11-16,2020-05-21,2025-11-14,2023-11-14,,,100.000,y,50.74,30,30,0,0.00,,,34.90,110.000,n,130.000,15,30,12,,X,8.800,8.048,AA,AA,无担保,,,,shmb,,,113549,113549,1.9470,753861,753861,,N,N,62.480,buy,,,2.02,N,435981858.0,421289381.0,Y,12.50,19486.69,4.08%,00,buy,buy,buy,14:59:59,137.97,4.15%,3.825,-5.90%,-6.51%,143.690,143.690,2.55%,39793.10,Y,0,0,,-,,N,-,buy,-,25-11-14,147.84,11.78,6.34,15.3%,14.8%,"转债占流动市值比：15.3%
转债占总市值比：14.8%",0.00,603861,sh113549,有效期：-；质押代码：113549,113549；2020-05-21 开始转股,全价：143.690 最后更新：14:59:59
128081,海亮转债,sz002203,海亮股份,C,9.69,2021-06-23,2020-05-27,2025-11-21,2023-11-21,,,100.000,y,53.49,30,30,0,0.00,,,3.75,110.000,n,130.000,15,30,2,,X,31.500,30.055,AA,AA,无担保,,,,szmb,,,128081,128081,1.6136,082203,072203,,N,N,64.450,buy,R,,2.35,N,1966736307.0,1923941740.0,Y,12.68,25952.94,1.52%,00,buy,buy,buy,15:14:03,130.86,4.16%,3.844,-4.55%,-5.17%,136.298,136.298,-0.37%,15499.04,Y,0,0,,-,,N,-,buy,-,25-11-21,140.46,12.60,6.78,12.3%,12.1%,"转债占流动市值比：12.3%
转债占总市值比：12.1%",0.00,002203,sz128081,有效期：-；质押代码：128081,128081；2020-05-27 开始转股,全价：136.298 最后更新：15:14:03
123092,天壕转债,sz300332,天壕环境,C,5.19,2021-07-12,2021-06-30,2026-12-23,2024-12-23,,,100.000,y,35.62,30,30,0,0.00,,,36.97,115.000,n,130.000,15,30,11,,X,4.230,4.167,A+,A+,无,,,,szcy,,,123092,123092,0.4805,380332,370332,,N,N,55.430,buy,,,2.59,N,881408921.0,841982571.0,Y,10.20,21428.30,1.59%,00,buy,buy,buy,15:14:03,196.53,4.23%,4.932,-10.29%,-10.91%,204.844,204.844,1.76%,31666.31,Y,0,0,,-,,N,-,buy,-,26-12-23,209.07,6.75,3.63,4.9%,4.6%,"转债占流动市值比：4.9%
转债占总市值比：4.6%",0.00,300332,sz123092,有效期：-；质押代码：123092,123092；2021-06-30 开始转股,全价：204.844 最后更新：15:14:03
128113,比音转债,sz002832,比音勒芬,C,14.60,2021-07-07,2020-12-21,2026-06-14,2024-06-14,,,100.000,y,41.71,30,30,0,0.00,,,11.95,112.000,n,130.000,15,30,11,,X,6.890,2.979,AA,AA,无担保,,,,szmb,,,128113,128113,1.3147,082832,072832,,N,N,85.110,buy,,,4.50,N,550326712.0,369037012.0,Y,24.50,10234.27,-2.55%,00,buy,buy,buy,15:14:03,167.81,4.58%,4.405,-8.96%,-9.55%,175.500,175.500,-4.47%,6262.64,Y,0,0,,-,,N,-,buy,-,26-06-14,180.08,18.98,10.22,3.3%,2.2%,"转债占流动市值比：3.3%
转债占总市值比：2.2%",0.00,002832,sz128113,有效期：-；质押代码：128113,128113；2020-12-21 开始转股,全价：175.500 最后更新：15:14:03
123078,飞凯转债,sz300398,飞凯材料,C,15.56,2021-05-31,2021-06-03,2026-11-26,2024-11-26,,,100.000,y,35.70,30,30,0,0.00,,,99.66,110.000,n,120.000,15,30,11,,X,8.250,7.200,AA,AA,无担保,,,,szcy,,,123078,123078,1.5992,380398,370398,,N,N,35.740,buy,R,,5.09,N,516098134.0,509839254.0,Y,30.51,250900.05,-14.75%,00,buy,buy,buy,15:14:03,196.08,4.66%,4.858,-11.43%,-11.88%,205.224,205.224,-9.11%,150132.80,Y,1,1,,-,,N,-,buy,-,26-11-26,209.88,18.67,10.89,4.6%,4.6%,"转债占流动市值比：4.6%
转债占总市值比：4.6%",0.00,300398,sz123078,有效期：-；质押代码：123078,123078；2021-06-03 开始转股,全价：205.224 最后更新：15:14:03
128082,华锋转债,sz002806,华锋股份,C,9.13,2021-03-23,2020-06-10,2025-12-03,2023-12-04,,,100.000,y,45.68,30,30,0,0.00,,,12.37,115.000,n,130.000,15,30,11,,X,3.520,2.036,A,A,土地、房产、机器设备等资产抵 押和股份质押担保,,,,szmb,,,128082,128082,1.9995,082806,072806,,N,N,5.530,buy,,,2.28,N,191703355.0,139230770.0,Y,13.99,4342.61,-2.17%,00,buy,buy,buy,15:14:03,153.23,4.78%,3.877,-7.26%,-8.07%,160.551,160.551,-2.78%,4109.43,Y,2,2,,-,,N,-,buy,-,25-12-03,165.33,11.87,6.39,10.5%,7.6%,"转债占流动市值比：10.5%
转债占总市值比：7.6%",0.00,002806,sz128082,有效期：-；质押代码：128082,128082；2020-06-10 开始转股,全价：160.551 最后更新：15:14:03
113629,泉峰转债,sh603982,泉峰汽车,C,23.03,,2022-03-22,2027-09-13,2025-09-15,,,100.000,y,45.11,30,30,0,0.00,,,53.50,115.000,n,130.000,15,30,0,,X,6.200,6.200,AA-,AA-,无,,,,shmb,,,未到转股期,113629,3.0780,753982,754982,,N,N,36.230,buy,,,3.96,N,201415700.0,81723140.0,Y,35.74,2259.13,-10.00%,00,buy,buy,buy,15:00:00,155.19,4.89%,5.655,-5.20%,-5.78%,162.780,162.780,-2.88%,54135.20,Y,0,0,,-,,N,-,buy,-,27-09-13,167.67,29.94,16.12,21.2%,8.6%,"转债占流动市值比：21.2%
转债占总市值比：8.6%",0.00,603982,sh113629,有效期：-；质押代码：113629,未到转股期；2022-03-22 开始转股,全价：162.780 最后更新：15:00:00
113585,寿仙转债,sh603896,寿仙谷,C,28.38,2021-06-30,2020-12-15,2026-06-08,2024-06-10,,,100.000,y,37.23,30,30,0,0.00,,,31.89,112.000,n,130.000,15,30,0,,N,3.600,1.008,AA-,AA-,连带责任保证,,,,shmb,2021年9月1日公告：本次（2021年8月11日至2021年8月31日）不行使提前赎回权利，至2022年2月28日均不提前赎回,,113585,113585,2.5080,753896,754896,,N,N,82.309,buy,,,5.41,N,152498417.0,152498417.0,Y,53.36,13905.55,-2.65%,00,buy,buy,buy,14:59:54,188.02,5.05%,4.389,-11.40%,-11.97%,197.520,197.520,-3.57%,6460.57,Y,0,0,G,-,,N,-,buy,-,26-06-08,202.57,36.89,19.87,1.2%,1.2%,"转债占流动市值比：1.2%
转债占总市值比：1.2%",0.00,603896,sh113585,有效期：-；质押代码：113585,113585；2020-12-15 开始转股,全价：197.520 最后更新：14:59:54
123043,正元转债,sz300645,正元智慧,C,15.38,2021-06-09,2020-09-11,2026-03-04,2024-03-04,,,100.000,y,44.90,30,30,0,0.00,,,308.08,115.000,n,130.000,15,30,17,2022-02-17,Y,1.750,1.651,A+,A+,无担保,,,,szcy,"最后交易日：2022年2月17日
最后转股日：2022年2月17日
赎回价：100.67元/张",100.670,123043,123043,1.3815,380645,370645,,N,N,48.790,buy,,,4.39,N,127655315.0,127655315.0,Y,23.98,37968.48,-2.04%,00,buy,buy,buy,15:14:03,155.92,5.06%,4.126,-7.25%,-8.03%,163.805,163.805,-1.50%,84841.89,Y,0,0,R,-,,N,-,buy,-,26-03-04,168.87,19.99,10.77,5.4%,5.4%,"转债占流动市值比：5.4%
转债占总市值比：5.4%",0.00,300645,sz123043,有效期：-；质押代码：123043,123043；2020-09-11 开始转股,全价：163.805 最后更新：15:14:03
113534,鼎胜转债,sh603876,鼎胜新材,C,15.18,2020-07-24,2019-10-16,2025-04-08,2023-04-10,,,100.000,y,28.11,30,30,0,0.00,,,15.84,110.000,n,130.000,15,30,0,,N,12.540,4.038,AA-,AA-,无担保,,,,shmb,2021年10月29日公告：本次（2021年10月8日至2021年10月28日）不提前赎回，至2022年1月28日均不提前赎回,,113534,113534,2.9160,753876,754876,,N,N,46.940,buy,,,3.88,N,485976499.0,485976499.0,Y,37.80,20024.89,-1.54%,00,buy,buy,buy,14:59:40,249.01,5.47%,3.222,-23.09%,-23.64%,262.640,262.640,-1.99%,17173.99,Y,1,1,G,-,,N,-,buy,-,25-04-08,268.11,19.73,10.63,2.2%,2.2%,"转债占流动市值比：2.2%
转债占总市值比：2.2%",0.00,603876,sh113534,有效期：-；质押代码：113534,113534；2019-10-16 开始转股,全价：262.640 最后更新：14:59:40
123083,朗新转债,sz300682,朗新科技,C,15.39,2021-12-23,2021-06-15,2026-12-08,2024-12-09,,,100.000,y,29.35,30,30,0,0.00,,,18.97,110.000,n,130.000,15,30,1,,X,8.000,6.010,AA,AA,无担保,,,,szcy,,,123083,123083,0.7833,380682,370682,,N,N,77.260,buy,,,6.92,N,1045521166.0,737572050.0,Y,36.70,15573.84,1.63%,00,buy,buy,buy,15:14:03,238.47,5.90%,4.890,-15.09%,-15.51%,252.528,252.528,2.81%,28646.35,Y,0,0,,-,,N,-,buy,-,26-12-08,258.43,20.01,10.77,2.2%,1.6%,"转债占流动市值比：2.2%
转债占总市值比：1.6%",0.00,300682,sz123083,有效期：-；质押代码：123083,123083；2021-06-15 开始转股,全价：252.528 最后更新：15:14:03
123089,九洲转2,sz300040,九洲集团,C,5.68,2021-07-14,2021-06-25,2026-12-20,2024-12-20,,,100.000,y,43.74,30,30,0,0.00,,,53.92,115.000,n,130.000,15,30,0,,N,5.000,3.063,AA-,AA-,无担保,,,,szcy,2021年10月26日公告：本次（截至2021年10月26日）不行使九洲转2的提前赎回权利，至2022年1月29日均不提前赎回,,123089,123089,1.3144,380040,370040,,N,N,61.460,buy,,,2.02,N,587645532.0,455302906.0,Y,9.09,19765.26,4.12%,00,buy,buy,buy,15:14:03,160.04,6.08%,4.923,-6.82%,-7.47%,169.765,169.765,4.15%,27814.41,Y,0,0,G,-,,N,-,buy,-,26-12-20,175.84,7.38,3.98,7.4%,5.7%,"转债占流动市值比：7.4%
转债占总市值比：5.7%",0.00,300040,sz123089,有效期：-；质押代码：123089,123089；2021-06-25 开始转股,全价：169.765 最后更新：15:14:03
127040,国泰转债,sz002091,江苏国泰,C,9.02,,2022-01-13,2027-07-06,2025-07-07,,,100.000,y,48.95,30,30,0,0.00,,,1.32,108.000,n,130.000,15,30,4,,X,45.574,44.836,AA+,AA+,无,,,,szmb,,,127040,127040,2.9100,082091,072091,,N,N,65.940,buy,R,,2.06,N,1563536598.0,1513016522.0,Y,12.90,16566.98,-1.23%,00,buy,buy,buy,15:14:03,143.02,6.63%,5.466,-5.49%,-5.87%,152.500,152.500,-1.46%,9108.56,Y,0,0,,-,,N,-,buy,-,27-07-06,159.13,11.73,6.31,23.0%,22.2%,"转债占流动市值比：23.0%
转债占总市值比：22.2%",0.00,002091,sz127040,有效期：-；质押代码：127040,127040；2022-01-13 开始转股,全价：152.500 最后更新：15:14:03
113537,文灿转债,sh603348,文灿股份,C,19.28,2021-06-18,2019-12-16,2025-06-09,2023-06-12,,,100.000,y,21.34,30,30,0,0.00,,,130.69,115.000,n,130.000,15,30,0,,N,8.000,1.406,AA-,AA-,无担保,,,,shmb,2021年10月27日公告：本次不行使文灿转债的提前赎回权利，至2022年4月27日前均不提前赎回,,113537,113537,3.6360,753348,754348,,N,N,18.080,buy,,,6.23,N,262171258.0,257431258.0,Y,63.25,22552.63,-0.86%,00,buy,buy,buy,15:00:00,328.06,6.98%,3.392,-27.42%,-28.10%,350.960,350.960,-2.03%,64582.69,Y,0,0,G,-,,N,-,buy,-,25-06-09,357.94,25.06,13.50,0.9%,0.8%,"转债占流动市值比：0.9%
转债占总市值比：0.8%",0.00,603348,sh113537,有效期：-；质押代码：113537,113537；2019-12-16 开始转股,全价：350.960 最后更新：15:00:00
128091,新天转债,sz002873,新天药业,C,11.62,2021-11-10,2020-07-06,2025-12-30,2024-01-01,,,100.000,y,35.09,30,30,0,0.00,,,280.09,113.000,n,130.000,15,30,0,,N,1.770,1.547,A+,A+,房产抵押和股份质押,,,,szmb,2022年1月13日公告：本次（2021年12月22日至2022年1月12日）不提前赎回，至2022年6月30日均不提前赎回,,128091,128091,1.5410,082873,072873,,N,N,46.250,buy,,,4.26,N,164048027.0,155115979.0,Y,23.18,40591.47,-2.81%,00,buy,buy,buy,15:14:03,199.48,7.10%,3.951,-14.09%,-14.74%,213.642,213.642,-2.71%,92515.30,Y,0,0,G,-,,N,-,buy,-,25-12-30,220.74,15.11,8.13,4.3%,4.1%,"转债占流动市值比：4.3%
转债占总市值比：4.1%",0.00,002873,sz128091,有效期：-；质押代码：128091,128091；2020-07-06 开始转股,全价：213.642 最后更新：15:14:03
132014,18中化EB,sh601117,中国化学,E,7.39,2021-09-10,2019-04-25,2023-04-24,2022-04-24,,,100.000,y,46.39,30,30,0,0.96,2022-01-19,2022-01-19,4.13,106.000,y,130.000,15,30,0,,N,35.000,14.906,AAA,AAA,预备用于交换的中国化学股票设定为本次债券的担保物,,,,shmb,2021年8月19日公告：本次（2021年7月8日至2021年8月18日）不提前赎回，至2022年3月18日均不提前赎回,,132014,132014,,,,,Q,Q,,buy,R,,1.38,N,6109470588.0,4933000000.0,Y,11.15,141932.10,7.21%,00,buy,buy,buy,14:59:47,150.88,7.15%,1.263,-27.58%,-28.39%,161.000,161.666,5.24%,9814.55,Y,0,0,G,-,,N,-,buy,-,23-04-24,168.15,9.61,5.17,2.7%,2.2%,"转债占流动市值比：2.7%
转债占总市值比：2.2%",0.00,601117,sh132014,有效期：2022-01-19 到 2022-01-19；质押代码：132014,132014；2019-04-25 开始转股,全价：161.666 最后更新：14:59:47
128093,百川转债,sz002455,百川股份,C,5.77,2021-05-27,2020-07-09,2026-01-03,2024-01-03,,,100.000,y,31.29,30,30,0,0.00,,,30.28,120.000,n,130.000,20,30,11,,X,5.200,1.614,AA-,AA-,自有资产抵押担保,,,,szmb,,,128093,128093,1.0314,082455,072455,,N,N,19.690,buy,,,4.05,N,565949304.0,450664327.0,Y,12.91,12387.23,-2.12%,00,buy,buy,buy,15:14:03,223.74,7.21%,3.962,-14.88%,-15.82%,239.880,239.880,-1.96%,11852.47,Y,0,0,,-,,N,-,buy,-,26-01-03,247.09,7.50,4.04,2.8%,2.2%,"转债占流动市值比：2.8%
转债占总市值比：2.2%",0.00,002455,sz128093,有效期：-；质押代码：128093,128093；2020-07-09 开始转股,全价：239.880 最后更新：15:14:03
113548,石英转债,sh603688,石英股份,C,14.93,2021-05-28,2020-05-06,2025-10-27,2023-10-27,,,100.000,y,17.63,30,30,0,0.00,,,39.20,118.000,n,130.000,15,30,11,,X,3.600,1.202,AA-,AA-,股份质押和保证,,,,shmb,,,113548,113548,1.0780,753688,754688,,N,N,43.700,buy,R,,10.10,N,353147440.0,353147440.0,Y,59.29,16324.17,2.63%,00,buy,buy,buy,14:59:58,397.12,7.59%,3.775,-28.37%,-29.05%,427.270,427.270,4.22%,19875.44,Y,0,0,,-,,N,-,buy,-,25-10-27,434.86,19.41,10.45,0.6%,0.6%,"转债占流动市值比：0.6%
转债占总市值比：0.6%",0.00,603688,sh113548,有效期：-；质押代码：113548,113548；2020-05-06 开始转股,全价：427.270 最后更新：14:59:58
123052,飞鹿转债,sz300665,飞鹿股份,C,7.05,2021-06-03,2020-12-11,2026-06-04,2024-06-04,,,100.000,y,48.62,30,30,0,0.00,,,18.35,120.000,n,130.000,15,30,0,,N,1.770,1.504,A+,A+,无担保,,,,szcy,2021年8月24日公告：本次（2021年8月4日至2021年8月24日）不提前赎回，至2022年2月24日均不提前赎回,,123052,123052,1.4612,380665,370665,,N,N,75.366,buy,,,3.22,N,173398120.0,132959648.0,Y,10.15,5300.29,-3.15%,00,buy,buy,buy,15:14:03,143.97,7.64%,4.378,-4.59%,-5.52%,154.970,154.970,-1.44%,4275.91,Y,0,0,G,-,,N,-,buy,-,26-06-04,162.61,9.16,4.93,11.1%,8.5%,"转债占流动市值比：11.1%
转债占总市值比：8.5%",0.00,300665,sz123052,有效期：-；质押代码：123052,123052；2020-12-11 开始转股,全价：154.970 最后更新：15:14:03
123075,贝斯转债,sz300580,贝斯特,C,23.74,2021-05-24,2021-05-06,2026-11-01,2024-11-01,,,100.000,y,47.10,30,30,0,0.00,,,29.24,110.000,n,130.000,15,30,6,,X,6.000,5.997,AA-,AA-,无担保,,,,szcy,,,123075,123075,3.0000,380580,370580,,N,N,84.750,buy,,,3.65,N,200010790.0,186527665.0,Y,35.28,14349.15,0.83%,00,buy,buy,buy,15:14:03,148.61,7.82%,4.789,-6.79%,-7.29%,160.227,160.227,-3.04%,28553.92,Y,0,0,,-,,N,-,buy,-,26-11-01,168.05,30.86,16.62,9.1%,8.5%,"转债占流动市值比：9.1%
转债占总市值比：8.5%",0.00,300580,sz123075,有效期：-；质押代码：123075,123075；2021-05-06 开始转股,全价：160.227 最后更新：15:14:03
123097,美力转债,sz300611,美力科技,C,9.28,2021-07-09,2021-08-02,2027-01-26,2025-01-27,,,100.000,y,54.27,30,30,0,0.00,,,18.92,115.000,n,130.000,15,30,6,,X,3.000,2.999,A+,A+,无,,,,szcy,,,123097,123097,1.7295,380611,370611,,N,N,57.250,buy,,,2.66,N,178963188.0,121740438.0,Y,11.97,6612.98,-2.76%,00,buy,buy,buy,15:14:03,128.99,7.91%,5.025,-2.71%,-3.42%,139.185,139.185,-1.29%,7970.72,Y,0,0,,-,,N,-,buy,-,27-01-26,147.09,12.06,6.50,20.6%,14.0%,"转债占流动市值比：20.6%
转债占总市值比：14.0%",0.00,300611,sz123097,有效期：-；质押代码：123097,123097；2021-08-02 开始转股,全价：139.185 最后更新：15:14:03
123046,天铁转债,sz300587,天铁股份,C,6.73,2021-12-07,2020-09-25,2026-03-18,2024-03-18,,,100.000,y,24.72,30,30,0,0.00,,,38.24,112.000,n,130.000,15,30,0,,N,3.990,0.593,AA-,AA-,无担保,,,,szcy,2021年12月28日公告：本次（2021年12月7日至2021年12月27日）不提前赎回，至2022年6月27日均不提前赎回,,123046,123046,2.1957,380587,370587,,N,N,52.910,buy,,,7.00,N,628245517.0,478444620.0,Y,19.06,10850.71,-0.26%,00,buy,buy,buy,15:14:03,283.21,8.37%,4.164,-20.89%,-21.42%,306.927,306.927,0.14%,6896.40,Y,0,0,G,-,,N,-,buy,-,26-03-18,315.30,8.75,4.71,0.7%,0.5%,"转债占流动市值比：0.7%
转债占总市值比：0.5%",0.00,300587,sz123046,有效期：-；质押代码：123046,123046；2020-09-25 开始转股,全价：306.927 最后更新：15:14:03
128130,景兴转债,sz002067,景兴纸业,C,3.40,,2021-03-04,2026-08-30,2024-08-30,,,100.000,y,67.83,30,30,0,0.00,,,1.89,110.000,n,130.000,15,30,0,,X,12.800,9.987,AA,AA,无担保,,,,szmb,,,128130,128130,1.1519,082067,072067,,N,N,53.140,buy,R,,0.90,N,1193928835.0,1056303835.0,Y,4.01,6735.66,-0.50%,00,buy,buy,buy,15:14:03,117.94,8.40%,4.616,-2.35%,-2.90%,127.849,127.849,0.08%,2425.51,Y,0,0,,-,,N,-,buy,-,26-08-30,136.25,4.42,2.72,23.6%,20.9%,"转债占流动市值比：23.6%
转债占总市值比：20.9%",0.00,002067,sz128130,有效期：-；质押代码：128130,128130；2021-03-04 开始转股,全价：127.849 最后更新：15:14:03
123027,蓝晓转债,sz300487,蓝晓科技,C,29.02,2021-06-24,2019-12-17,2025-06-10,2023-06-12,,,100.000,y,18.81,30,30,0,0.00,,,78.91,113.000,n,130.000,15,30,0,,N,3.400,1.070,A+,A+,无担保,,,,szcy,2021年11月1日公告：本次（2021年9月9日至2021年10月29日）不行使提前赎回权利，至2022年1月29日前均不提前赎回,,123027,123027,1.6461,380487,370487,,N,N,71.900,buy,,,11.89,N,219785441.0,128363816.0,Y,108.00,28553.02,1.02%,00,buy,buy,buy,15:14:03,372.16,8.42%,3.395,-30.71%,-31.29%,403.500,403.500,0.18%,34073.82,Y,0,0,G,-,,N,-,buy,-,25-06-10,411.92,37.73,20.31,0.8%,0.5%,"转债占流动市值比：0.8%
转债占总市值比：0.5%",0.00,300487,sz123027,有效期：-；质押代码：123027,123027；2019-12-17 开始转股,全价：403.500 最后更新：15:14:03
128111,中矿转债,sz002738,中矿资源,C,15.45,2022-01-06,2020-12-17,2026-06-10,2024-06-10,,,100.000,y,17.97,30,30,0,0.00,,,110.38,118.000,n,130.000,15,30,0,,N,8.000,1.447,AA-,AA-,无担保,,,,szmb,2021年1月28日公告，本次（2020年12月17日至2021年1月28日）不行使提前赎回权利不提前赎回，至2022年1月28日前均不提前赎回,,128111,128111,2.8784,082738,072738,,N,N,70.254,buy,,,5.24,N,325175572.0,296108329.0,Y,60.17,100336.40,1.93%,00,buy,buy,buy,15:14:03,389.45,8.62%,4.395,-24.69%,-25.32%,423.013,423.013,3.43%,67597.88,Y,0,0,G,-,,N,-,buy,-,26-06-10,431.63,20.09,10.81,0.8%,0.7%,"转债占流动市值比：0.8%
转债占总市值比：0.7%",0.00,002738,sz128111,有效期：-；质押代码：128111,128111；2020-12-17 开始转股,全价：423.013 最后更新：15:14:03
113567,君禾转债,sh603617,君禾股份,C,10.58,2021-12-09,2020-09-10,2026-03-03,2024-03-04,,,100.000,y,56.79,30,30,0,0.00,,,9.62,113.000,n,130.000,15,30,0,,X,2.100,2.099,A+,A+,股票质押担保,,,,shmb,,,113567,113567,1.4730,753617,754617,,N,N,70.840,buy,,,4.53,N,259301043.0,199462981.0,Y,13.04,2526.56,-1.95%,00,buy,buy,buy,15:00:00,123.25,8.95%,4.123,-3.00%,-3.75%,134.280,134.280,-0.20%,2736.43,Y,0,0,,-,,N,-,buy,-,26-03-03,143.23,13.75,7.41,8.1%,6.2%,"转债占流动市值比：8.1%
转债占总市值比：6.2%",0.00,603617,sh113567,有效期：-；质押代码：113567,113567；2020-09-10 开始转股,全价：134.280 最后更新：15:00:00
118004,博瑞转债,sh688166,博瑞医药,C,35.68,,2022-07-11,2028-01-03,2026-01-05,,,100.000,y,76.26,30,30,0,0.00,,,,115.000,n,130.000,15,30,0,,X,4.650,4.650,AA-,AA-,无,,,,shkc,,,未到转股期,118004,1.1340,726166,718166,,N,N,55.740,-,R,,8.48,N,410000000.0,210912771.0,Y,32.75,13350.93,-4.46%,00,buy,buy,buy,,91.79,8.95%,5.962,3.31%,2.68%,100.000,100.000,0.00%,0.00,Y,0,0,,-,,N,-,buy,-,28-01-03,108.95,46.38,24.98,6.7%,3.5%,"转债占流动市值比：6.7%
转债占总市值比：3.5%",0.00,688166,sh118004,有效期：-；质押代码：118004,未到转股期；2022-07-11 开始转股,待上市
113609,永安转债,sh603776,永安行,C,16.48,2021-06-11,2021-05-31,2026-11-23,2024-11-25,,,100.000,y,59.65,30,30,0,0.00,,,7.35,115.000,n,130.000,15,30,2,,X,8.860,7.338,AA-,AA-,无担保,,,,shmb,,,113609,113609,4.7620,753776,754776,,N,N,81.304,buy,R,,1.31,N,233447522.0,231880822.0,Y,19.34,9933.33,-3.83%,00,buy,buy,buy,14:59:40,117.35,9.11%,4.849,-1.34%,-2.03%,128.050,128.050,-2.19%,6961.90,Y,0,0,,-,,N,-,buy,-,26-11-23,137.16,21.42,11.54,16.4%,16.3%,"转债占流动市值比：16.4%
转债占总市值比：16.3%",0.00,603776,sh113609,有效期：-；质押代码：113609,113609；2021-05-31 开始转股,全价：128.050 最后更新：14:59:40
111000,起帆转债,sh605222,起帆电缆,C,20.10,2021-10-29,2021-11-29,2027-05-24,2025-05-23,,,100.000,y,53.56,30,30,0,0.00,,,5.06,115.000,n,130.000,15,30,2,,X,10.000,9.996,AA-,AA-,无,,,,shmb,,,111000,111000,,715222,713222,,N,N,35.980,buy,,,3.05,N,418213213.0,100016213.0,Y,26.27,19086.40,3.47%,00,buy,buy,buy,14:59:58,130.70,9.28%,5.348,-3.19%,-3.81%,142.830,142.830,0.11%,7228.02,Y,0,0,,-,,N,-,buy,-,27-05-24,152.11,26.13,14.07,38.0%,9.1%,"转债占流动市值比：38.0%
转债占总市值比：9.1%",0.00,605222,sh111000,有效期：-；质押代码：111000,111000；2021-11-29 开始转股,全价：142.830 最后更新：14:59:58
123024,岱勒转债,sz300700,岱勒新材,C,14.10,2021-06-01,2019-09-27,2024-03-21,2022-03-21,,,100.000,y,47.59,30,30,0,0.00,,,1162.18,110.000,n,130.000,15,30,2,,X,2.100,2.097,A+,A+,无担保,,,,szcy,,,123024,123024,2.5485,380700,370700,,N,N,55.940,buy,,,4.30,N,107137593.0,74276829.0,Y,20.74,48683.78,13.02%,00,buy,buy,buy,15:14:03,147.09,9.46%,2.173,-15.39%,-16.23%,161.000,161.000,7.33%,400559.53,Y,1,1,,-,,N,-,buy,-,24-03-21,170.46,18.33,9.87,13.6%,9.4%,"转债占流动市值比：13.6%
转债占总市值比：9.4%",0.00,300700,sz123024,有效期：-；质押代码：123024,123024；2019-09-27 开始转股,全价：161.000 最后更新：15:14:03
113525,台华转债,sh603055,台华新材,C,7.78,2021-05-28,2019-06-21,2024-12-16,2022-12-17,,,100.000,y,30.42,30,30,0,0.00,,,46.72,110.000,n,130.000,15,30,0,,N,5.330,1.854,AA,AA,无担保,,,,shmb,2021年12月28日公告：本次（2021年12月7日至2021年12月27日）不提前赎回，至2022年3月27日均不提前赎回,,113525,113525,0.9730,753055,754055,,N,N,29.060,buy,,,4.33,N,868874372.0,804671904.0,Y,17.90,11896.22,-1.21%,00,buy,buy,buy,14:59:59,230.08,9.70%,2.912,-24.30%,-24.87%,252.400,252.400,0.53%,21691.57,Y,0,0,G,-,,N,-,buy,-,24-12-16,262.10,10.11,5.45,1.3%,1.2%,"转债占流动市值比：1.3%
转债占总市值比：1.2%",0.00,603055,sh113525,有效期：-；质押代码：113525,113525；2019-06-21 开始转股,全价：252.400 最后更新：14:59:59
123067,斯莱转债,sz300382,斯莱克,C,9.36,2021-06-30,2021-03-23,2026-09-16,2024-09-16,,,100.000,y,28.29,30,30,0,0.00,,,43.84,115.000,n,130.000,15,30,0,,N,3.880,2.400,AA-,AA-,无担保,,,,szcy,2021年11月15日公告：本次不行使提前赎回权利，至2022年2月23日均不提前赎回,,123067,123067,0.6940,380382,370382,,N,N,19.960,buy,,,11.29,N,580381337.0,580323512.0,Y,23.16,25978.03,0.74%,00,buy,buy,buy,15:14:03,247.44,9.81%,4.663,-16.21%,-16.80%,271.697,271.697,2.94%,28437.44,Y,0,0,G,-,,N,-,buy,-,26-09-16,281.51,12.17,6.55,1.8%,1.8%,"转债占流动市值比：1.8%
转债占总市值比：1.8%",0.00,300382,sz123067,有效期：-；质押代码：123067,123067；2021-03-23 开始转股,全价：271.697 最后更新：15:14:03
123031,晶瑞转债,sz300655,晶瑞电材,C,10.13,2021-05-07,2020-03-05,2025-08-28,2023-08-28,,,100.000,y,18.50,30,30,0,0.00,,,77.15,111.000,n,130.000,15,30,0,,N,1.850,0.530,A+,A+,无担保,,,,szcy,2022年1月18日公告：本次（2021年12月28日至2022年1月18日）不提前赎回，至2022年4月18日均不提前赎回,,123031,123031,1.2217,380655,370655,,N,N,8.110,buy,,,8.37,N,340639856.0,289329418.0,Y,38.33,39153.34,-1.69%,00,buy,buy,buy,15:14:03,378.38,10.15%,3.611,-30.28%,-30.74%,416.800,416.800,0.63%,17158.92,Y,0,0,G,-,,N,-,buy,-,25-08-28,426.95,13.17,7.09,0.5%,0.4%,"转债占流动市值比：0.5%
转债占总市值比：0.4%",0.00,300655,sz123031,有效期：-；质押代码：123031,123031；2020-03-05 开始转股,全价：416.800 最后更新：15:14:03
127042,嘉美转债,sz002969,嘉美包装,C,4.87,,2022-02-14,2027-08-09,2025-08-11,,,100.000,y,62.21,30,30,0,0.00,,,1.75,112.000,n,130.000,15,30,0,,X,7.500,7.500,AA,AA,无,,,,szmb,,,未到转股期,127042,0.7809,082969,072969,,N,N,8.550,-,,,2.30,N,962265735.0,444176962.0,Y,5.48,3050.18,-2.49%,00,buy,buy,buy,15:14:03,112.53,10.26%,5.559,-1.05%,-1.58%,124.070,124.070,-0.27%,1629.80,Y,0,0,,-,,N,-,buy,-,27-08-09,134.33,6.33,3.41,30.8%,14.2%,"转债占流动市值比：30.8%
转债占总市值比：14.2%",0.00,002969,sz127042,有效期：-；质押代码：127042,未到转股期；2022-02-14 开始转股,全价：124.070 最后更新：15:14:03
123042,银河转债,sz300619,金银河,C,23.59,2021-12-10,2020-07-20,2026-01-13,2024-01-15,,,100.000,y,23.88,30,30,0,0.00,,,95.44,110.000,n,130.000,15,30,11,,X,1.670,0.975,A+,A+,无担保,,,,szcy,,,123042,123042,2.2316,380619,370619,,N,N,49.650,buy,,,10.44,N,84664538.0,59449716.0,Y,69.15,16630.00,-2.92%,00,buy,buy,buy,15:14:03,293.13,10.52%,3.989,-23.22%,-23.67%,323.960,323.960,-5.36%,30778.61,Y,0,0,,-,,N,-,buy,-,26-01-13,334.48,30.67,16.51,2.4%,1.7%,"转债占流动市值比：2.4%
转债占总市值比：1.7%",0.00,300619,sz123042,有效期：-；质押代码：123042,123042；2020-07-20 开始转股,全价：323.960 最后更新：15:14:03
123133,佩蒂转债,sz300673,佩蒂股份,C,19.92,,2022-06-28,2027-12-21,2025-12-22,,,100.000,y,77.47,30,30,0,0.00,,,,115.000,n,130.000,15,30,0,,X,7.200,7.200,AA-,AA-,无,,,,szcy,,,未到转股期,123133,2.8412,380673,370673,,N,N,81.350,-,,,2.74,N,253411200.0,162384480.0,Y,18.00,8940.16,-4.26%,00,buy,buy,buy,,90.36,10.67%,5.926,3.26%,2.64%,100.000,100.000,0.00%,0.00,Y,0,0,,-,,N,-,buy,-,27-12-21,110.67,25.90,13.94,24.6%,15.8%,"转债占流动市值比：24.6%
转债占总市值比：15.8%",0.00,300673,sz123133,有效期：-；质押代码：123133,未到转股期；2022-06-28 开始转股,待上市
113025,明泰转债,sh601677,明泰铝业,C,11.00,2021-05-14,2019-10-16,2025-04-09,2023-04-10,,,100.000,y,17.94,30,30,0,0.00,,,4.07,110.000,n,130.000,15,30,0,,N,18.390,10.966,AA,AA,无担保,,,,shmb,2021年7月19日公告：本次（2021年6月29日至2021年7月19日）不行使明泰转债的提前赎回权利，至2022年1月18日均不提前赎回,,113025,113025,3.1170,764677,783677,,N,N,24.000,buy,,,2.87,N,682582320.0,682436220.0,Y,42.93,31544.60,0.61%,00,buy,buy,buy,14:59:54,390.27,10.85%,3.225,-34.19%,-34.64%,432.600,432.600,1.15%,19341.13,Y,0,0,G,-,,N,-,buy,-,25-04-09,443.45,14.30,7.70,3.7%,3.7%,"转债占流动市值比：3.7%
转债占总市值比：3.7%",0.00,601677,sh113025,有效期：-；质押代码：113025,113025；2019-10-16 开始转股,全价：432.600 最后更新：14:59:54
123112,万讯转债,sz300112,万讯自控,C,8.93,2021-05-28,2021-10-14,2027-04-07,2025-04-07,,,100.000,y,50.57,30,30,0,0.00,,,37.70,118.000,n,130.000,15,30,0,,N,2.457,2.454,AA-,AA-,无,,,,szcy,2021年11月27日公告：本次（2021年11月1日至2021年11月26日）不行使提前赎回权利，至2022年2月26日均不提前赎回,,123112,123112,0.8599,380112,370112,,N,N,30.520,-,,,3.07,N,285779089.0,219186741.0,Y,12.36,24481.80,-6.36%,00,buy,buy,buy,15:14:03,138.41,11.12%,5.219,-4.06%,-4.79%,153.800,153.800,-4.90%,14527.36,Y,0,0,G,-,,N,-,buy,-,27-04-07,164.92,11.61,6.25,9.1%,6.9%,"转债占流动市值比：9.1%
转债占总市值比：6.9%",0.00,300112,sz123112,有效期：-；质押代码：123112,123112；2021-10-14 开始转股,全价：153.800 最后更新：15:14:03
123063,大禹转债,sz300021,大禹节水,C,4.83,2021-06-16,2021-02-03,2026-07-27,2025-07-28,,,100.000,y,55.88,30,30,0,0.00,,,4.79,120.000,n,130.000,15,30,0,,X,6.380,6.346,AA-,AA-,无担保,,,,szcy,,,123063,123063,0.8100,380021,370021,,N,N,68.990,buy,,,2.94,N,801074638.0,639330960.0,Y,6.05,18710.55,0.83%,00,buy,buy,buy,15:14:03,125.26,11.27%,4.523,-2.23%,-3.15%,139.371,139.371,1.14%,4213.59,Y,0,0,,-,,N,-,buy,-,26-07-27,150.64,6.28,3.38,16.4%,13.1%,"转债占流动市值比：16.4%
转债占总市值比：13.1%",0.00,300021,sz123063,有效期：-；质押代码：123063,123063；2021-02-03 开始转股,全价：139.371 最后更新：15:14:03
123103,震安转债,sz300767,震安科技,C,56.89,2021-06-11,2021-09-22,2027-03-11,2025-03-11,,,100.000,y,42.73,30,30,0,0.00,,,11.61,115.000,n,130.000,15,30,0,,N,2.850,2.525,A+,A+,无,,,,szcy,2021年10月21日公告：本次（2021年9月22日至2021年10月19日）不行使提前赎回权利，至2022年4月20日均不提前赎回,,123103,123103,1.9791,380767,370767,,N,N,53.950,buy,,,14.93,N,202170726.0,118282633.0,Y,93.20,9709.23,2.09%,00,buy,buy,buy,15:14:03,163.82,11.32%,5.145,-7.76%,-8.38%,182.364,182.364,0.98%,5283.92,Y,0,0,G,-,,N,-,buy,-,27-03-11,193.68,73.96,39.82,2.3%,1.3%,"转债占流动市值比：2.3%
转债占总市值比：1.3%",0.00,300767,sz123103,有效期：-；质押代码：123103,123103；2021-09-22 开始转股,全价：182.364 最后更新：15:14:03
113568,新春转债,sh603667,五洲新春,C,8.75,2021-06-15,2020-09-14,2026-03-05,2024-03-05,,,100.000,y,40.67,30,30,0,0.00,,,11.50,118.000,n,130.000,15,30,0,,N,3.300,2.436,AA-,AA-,无担保,,,,shmb,2021年8月10日公告：本次（2021年7月12日至2021年8月10日）不行使提前赎回权利，至2022年2月10日均不提前赎回,,113568,113568,1.1600,753667,754667,,N,N,15.920,buy,,,2.36,N,301173285.0,265065997.0,Y,15.06,7374.64,-0.86%,00,buy,buy,buy,14:59:56,172.11,11.34%,4.129,-10.17%,-11.01%,191.640,191.640,-2.96%,5458.11,Y,0,0,G,-,,N,-,buy,-,26-03-05,202.98,11.38,6.12,6.1%,5.4%,"转债占流动市值比：6.1%
转债占总市值比：5.4%",0.00,603667,sh113568,有效期：-；质押代码：113568,113568；2020-09-14 开始转股,全价：191.640 最后更新：14:59:56
128100,搜特转债,sz002503,搜于特,C,1.62,2021-08-17,2020-09-18,2026-03-11,2024-03-11,,,100.000,y,69.15,30,30,0,0.00,,,10.85,112.000,n,130.000,15,30,0,,X,8.000,7.991,A,A,无担保,,,,szmb,,,128100,128100,0.2622,082503,072503,,N,N,9.330,buy,R,,3.08,N,3092868251.0,2543064601.0,Y,1.64,32179.06,-5.20%,00,buy,buy,buy,15:14:03,101.23,11.62%,4.145,0.84%,0.11%,113.000,113.000,-0.96%,9835.68,Y,2,2,,-,,N,-,buy,-,26-03-11,124.62,2.11,1.13,19.2%,15.8%,"转债占流动市值比：19.2%
转债占总市值比：15.8%",0.00,002503,sz128100,有效期：-；质押代码：128100,128100；2020-09-18 开始转股,全价：113.000 最后更新：15:14:03
123110,九典转债,sz300705,九典制药,C,26.44,2021-05-19,2021-10-08,2027-03-31,2025-03-31,,,100.000,y,54.24,30,30,0,0.00,,,24.04,115.000,n,130.000,15,30,4,,X,2.700,2.698,A+,A+,无,,,,szcy,,,123110,123110,1.1505,380705,370705,,N,N,44.270,buy,,,7.53,N,234687298.0,142890383.0,Y,34.12,9199.25,-3.78%,00,buy,buy,buy,15:14:03,129.05,11.73%,5.200,-3.32%,-3.99%,144.179,144.179,-1.65%,9425.65,Y,0,0,,-,,N,-,buy,-,27-03-31,155.91,34.37,18.51,5.5%,3.4%,"转债占流动市值比：5.5%
转债占总市值比：3.4%",0.00,300705,sz123110,有效期：-；质押代码：123110,123110；2021-10-08 开始转股,全价：144.179 最后更新：15:14:03
128095,恩捷转债,sz002812,恩捷股份,C,64.92,2021-04-30,2020-08-17,2026-02-11,2024-02-12,,,100.000,y,16.68,30,30,0,0.00,,,7.27,110.000,n,130.000,15,30,30,,X,16.000,4.541,AA,AA,无担保,,,,szmb,,,128095,128095,1.9866,082812,072812,,N,N,77.840,buy,R,,18.90,N,892406822.0,742019744.0,Y,272.49,162716.84,-1.45%,00,buy,buy,buy,15:14:03,419.73,11.74%,4.068,-29.60%,-29.99%,469.000,469.000,-1.69%,15602.30,Y,0,0,B,-,,N,-,buy,-,26-02-11,480.74,84.40,45.44,0.2%,0.2%,"转债占流动市值比：0.2%
转债占总市值比：0.2%",0.00,002812,sz128095,有效期：-；质押代码：128095,128095；2020-08-17 开始转股,全价：469.000 最后更新：15:14:03
113550,常汽转债,sh603035,常熟汽饰,C,9.33,2021-05-28,2020-05-22,2025-11-17,2023-11-17,,,100.000,y,30.08,30,30,0,0.00,,,101.91,115.000,n,130.000,15,30,0,,N,9.924,2.147,AA-,AA-,无担保,,,,shmb,2021年12月3日公告：本次（2021年11月12日至2021年12月2日）不行使提前赎回权利，至2022年3月2日）均不提前赎回,,113550,113550,3.5440,753035,754035,,N,N,49.290,buy,,,1.98,N,360749112.0,360749112.0,Y,21.71,38706.16,-1.72%,00,buy,buy,buy,14:59:56,232.69,11.86%,3.833,-18.49%,-19.18%,260.290,260.290,-0.34%,56542.91,Y,0,0,G,-,,N,-,buy,-,25-11-17,272.15,12.13,6.53,2.7%,2.7%,"转债占流动市值比：2.7%
转债占总市值比：2.7%",0.00,603035,sh113550,有效期：-；质押代码：113550,113550；2020-05-22 开始转股,全价：260.290 最后更新：14:59:56
123070,鹏辉转债,sz300438,鹏辉能源,C,20.08,2021-08-17,2021-04-26,2026-10-19,2024-10-21,,,100.000,y,31.45,30,30,0,0.00,,,33.39,110.000,n,130.000,20,30,11,,X,8.900,5.988,AA,AA,无担保,,,,szcy,,,123070,123070,2.1380,380438,370438,,N,N,72.570,buy,,,7.31,N,433497356.0,329639518.0,Y,44.70,68185.07,0.59%,00,buy,buy,buy,15:14:03,222.61,11.99%,4.753,-15.26%,-15.69%,249.300,249.300,-2.35%,50911.80,Y,0,0,,-,,N,-,buy,-,26-10-19,261.29,26.10,14.06,4.1%,3.1%,"转债占流动市值比：4.1%
转债占总市值比：3.1%",0.00,300438,sz123070,有效期：-；质押代码：123070,123070；2021-04-26 开始转股,全价：249.300 最后更新：15:14:03
113039,嘉泽转债,sh601619,嘉泽新能,C,3.46,2021-06-11,2021-03-01,2026-08-23,2024-08-23,,,100.000,y,51.21,30,30,0,0.00,,,23.29,108.000,n,130.000,15,30,0,,N,13.000,2.885,AA,AA,无担保,,,,shmb,2022年1月6日公告：本次（2021年12月15日至2022年1月5日）不提前赎回，至2022年4月5日均不提前赎回,,113039,113039,0.6260,764619,783619,,N,N,76.530,buy,,,2.38,N,2434220009.0,2365350009.0,Y,4.73,11651.05,1.94%,00,buy,buy,buy,14:59:55,136.71,12.52%,4.597,-6.64%,-7.09%,153.820,153.820,2.97%,10253.00,Y,0,0,G,-,,N,-,buy,-,26-08-23,166.34,4.50,2.42,2.6%,2.5%,"转债占流动市值比：2.6%
转债占总市值比：2.5%",0.00,601619,sh113039,有效期：-；质押代码：113039,113039；2021-03-01 开始转股,全价：153.820 最后更新：14:59:55
113615,金诚转债,sh603979,金诚信,C,12.65,2021-06-09,2021-06-29,2026-12-22,2024-12-23,,,100.000,y,38.89,30,30,0,0.00,,,23.66,112.000,n,130.000,15,30,0,,N,10.000,8.664,AA,AA,无担保,,,,shmb,2021年11月24日公告：本次（2021年11月4日至2021年11月24日）不行使提前赎回权利，至2022年5月24日均不提前赎回,,113615,113615,1.7320,753979,754979,,N,N,71.880,buy,,,2.62,N,593966469.0,593966469.0,Y,22.77,15852.04,10.00%,00,buy,buy,buy,14:59:58,180.00,12.60%,4.929,-10.72%,-11.23%,202.680,202.680,3.77%,41930.59,Y,0,0,G,-,,N,-,buy,-,26-12-22,215.28,16.45,8.86,6.4%,6.4%,"转债占流动市值比：6.4%
转债占总市值比：6.4%",0.00,603979,sh113615,有效期：-；质押代码：113615,113615；2021-06-29 开始转股,全价：202.680 最后更新：14:59:58
128145,日丰转债,sz002953,日丰股份,C,13.66,2021-06-02,2021-09-27,2027-03-21,2025-03-21,,,100.000,y,56.18,30,30,0,0.00,,,9.12,110.000,n,130.000,30,30,0,,X,3.800,3.797,AA-,AA-,股份质押的担保方式,,,,szmb,,,128145,128145,2.1854,082953,072953,,N,N,79.780,buy,,,3.33,N,243382760.0,74669185.0,Y,17.02,4222.05,-2.46%,00,buy,buy,buy,15:14:03,124.60,12.61%,5.173,-3.78%,-4.28%,140.310,140.310,-2.35%,4854.42,Y,0,0,,-,,N,-,buy,-,27-03-21,152.92,17.76,9.56,29.9%,9.2%,"转债占流动市值比：29.9%
转债占总市值比：9.2%",0.00,002953,sz128145,有效期：-；质押代码：128145,128145；2021-09-27 开始转股,全价：140.310 最后更新：15:14:03
123035,利德转债,sz300296,利亚德,C,6.96,2021-05-24,2020-05-20,2025-11-13,2023-11-13,,,100.000,y,44.49,30,30,0,0.00,,,16.08,110.000,n,130.000,15,30,0,,N,8.000,7.988,AA+,AA+,无担保,,,,szcy,2021年8月6日公告：本次（自2021年7月19日至2021年8月6日）不行使提前赎回的权利，至2022年2月6日均不提前赎回,,123035,123035,0.3174,380296,370296,,N,N,53.270,buy,R,,3.63,N,2542901478.0,1988702066.0,Y,10.95,171390.23,-0.27%,00,buy,buy,buy,15:14:03,157.33,12.62%,3.822,-11.00%,-11.57%,177.185,177.185,-0.04%,23206.34,Y,0,0,G,-,,N,-,buy,-,25-11-13,189.81,9.05,4.87,3.7%,2.9%,"转债占流动市值比：3.7%
转债占总市值比：2.9%",0.00,300296,sz123035,有效期：-；质押代码：123035,123035；2020-05-20 开始转股,全价：177.185 最后更新：15:14:03
123109,昌红转债,sz300151,昌红科技,C,28.06,2021-06-02,2021-10-08,2027-03-31,2025-03-31,,,100.000,y,55.93,30,30,0,0.00,,,3.02,115.000,n,130.000,15,30,0,,N,4.600,4.596,AA-,AA-,无,,,,szcy,2021年11月30日公告：本次（2021年11月1日至2021年11月29日）不行使提前赎回权利，至2022年5月27日均不提前赎回,,123109,123109,0.9263,380151,370151,,N,N,29.800,buy,,,15.72,N,502506221.0,315770871.0,Y,35.12,13129.95,-0.11%,00,buy,buy,buy,15:14:03,125.16,12.68%,5.200,-2.96%,-3.62%,141.030,141.030,-0.25%,1961.02,Y,0,0,G,-,,N,-,buy,-,27-03-31,153.71,36.48,19.64,4.1%,2.6%,"转债占流动市值比：4.1%
转债占总市值比：2.6%",0.00,300151,sz123109,有效期：-；质押代码：123109,123109；2021-10-08 开始转股,全价：141.030 最后更新：15:14:03
113504,艾华转债,sh603989,艾华集团,C,20.81,2021-06-24,2018-09-08,2024-03-02,2022-03-02,,,100.000,y,39.44,30,30,0,0.00,,,2.04,106.000,n,130.000,15,30,0,,N,6.910,4.628,AA,AA,无担保,,,,shmb,2022年1月7日公告：本次（2021年12月17日至2022年1月7日）不提前赎回，至2022年4月7日均不提前赎回,,113504,113504,2.3030,753989,754989,,N,N,82.470,buy,R,,5.02,N,400813533.0,400813533.0,Y,36.93,6538.16,1.79%,00,buy,buy,buy,14:59:40,177.46,12.71%,2.121,-25.15%,-25.70%,200.010,200.010,0.13%,1866.64,Y,1,1,G,-,,N,-,buy,-,24-03-02,212.72,27.05,14.57,3.1%,3.1%,"转债占流动市值比：3.1%
转债占总市值比：3.1%",0.00,603989,sh113504,有效期：-；质押代码：113504,113504；2018-09-08 开始转股,全价：200.010 最后更新：14:59:40
123071,天能转债,sz300569,天能重工,C,7.91,2021-08-02,2021-04-27,2026-10-20,2024-10-21,,,100.000,y,42.04,30,30,0,0.00,,,12.05,115.000,n,130.000,15,30,0,,N,7.000,6.943,AA-,AA-,无担保,,,,szcy,2021年10月15日公告：本次（2021年9月15日至2021年10月14日）不提前赎回，至2022年10月14日均不提前赎回,,123071,123071,1.7863,380569,370569,,N,N,70.512,buy,,,2.89,N,797386255.0,571997143.0,Y,13.17,15736.78,0.69%,00,buy,buy,buy,15:14:03,166.50,12.91%,4.756,-9.05%,-9.69%,188.000,188.000,1.73%,15587.06,Y,1,1,G,-,,N,-,buy,-,26-10-20,200.91,10.28,5.54,9.2%,6.6%,"转债占流动市值比：9.2%
转债占总市值比：6.6%",0.00,300569,sz123071,有效期：-；质押代码：123071,123071；2021-04-27 开始转股,全价：188.000 最后更新：15:14:03
123054,思特转债,sz300608,思特奇,C,12.63,2021-05-26,2020-12-16,2026-06-09,2024-06-10,,,100.000,y,52.19,30,30,0,0.00,,,882.71,115.000,n,130.000,15,30,1,,X,2.710,2.074,AA-,AA-,无担保,,,,szcy,,,123054,123054,1.7214,380608,370608,,N,N,69.580,-,,,4.10,N,209910067.0,163171064.0,Y,16.94,84512.67,8.59%,00,buy,buy,buy,15:14:03,134.13,12.98%,4.392,-5.07%,-5.83%,151.540,151.540,6.19%,279921.30,Y,0,0,,-,,N,-,buy,-,26-06-09,164.52,16.42,8.84,7.5%,5.8%,"转债占流动市值比：7.5%
转债占总市值比：5.8%",0.00,300608,sz123054,有效期：-；质押代码：123054,123054；2020-12-16 开始转股,全价：151.540 最后更新：15:14:03
123080,海波转债,sz300517,海波重科,C,11.58,2021-06-01,2021-06-08,2026-12-01,2024-12-02,,,100.000,y,60.67,30,30,0,0.00,,,4.76,120.000,n,130.000,15,30,0,,X,2.450,2.435,A+,A+,无担保,,,,szcy,,,123080,123080,2.2955,380517,370517,,N,N,77.246,buy,,,2.81,N,192182818.0,112564498.0,Y,13.36,1846.27,-0.74%,00,buy,buy,buy,15:14:03,115.37,13.18%,4.871,-0.74%,-1.61%,130.578,130.578,-0.13%,1514.44,Y,0,0,,-,,N,-,buy,-,26-12-01,143.76,15.05,8.11,16.2%,9.5%,"转债占流动市值比：16.2%
转债占总市值比：9.5%",0.00,300517,sz123080,有效期：-；质押代码：123080,123080；2021-06-08 开始转股,全价：130.578 最后更新：15:14:03
127027,靖远转债,sz000552,靖远煤电,C,3.13,2021-10-12,2021-06-16,2026-12-09,2024-12-09,,,100.000,y,59.22,30,30,0,0.00,,,6.74,110.000,n,130.000,15,30,0,,X,28.000,24.307,AA+,AA+,无担保,,,,szmb,,,127027,127027,1.2243,080552,070552,,N,N,35.200,buy,R,,1.02,N,2350879797.0,2347628690.0,Y,3.70,41142.94,4.82%,00,buy,buy,buy,15:14:03,118.21,13.41%,4.893,-3.16%,-3.67%,134.059,134.059,2.06%,21913.14,Y,0,0,,-,,N,-,buy,-,26-12-09,147.47,4.07,2.19,28.0%,27.9%,"转债占流动市值比：28.0%
转债占总市值比：27.9%",0.00,000552,sz127027,有效期：-；质押代码：127027,127027；2021-06-16 开始转股,全价：134.059 最后更新：15:14:03
128048,张行转债,sz002839,张家港行,C,5.60,2021-07-08,2019-05-16,2024-11-12,,,,,y,,15,30,0,0.00,,,4.99,109.000,n,130.000,15,30,0,,X,25.000,24.975,AA+,AA+,无担保,,,,szmb,,,128048,128048,1.3831,082839,072839,,N,N,28.880,buy,R,,0.82,N,1807959258.0,1521751142.0,Y,6.38,40681.22,3.57%,00,buy,buy,buy,15:14:03,113.93,13.41%,2.819,-4.92%,-5.66%,129.203,129.203,2.79%,16012.23,Y,0,0,,-,,N,-,buy,-,24-11-12,142.61,7.28,-,25.7%,21.7%,"转债占流动市值比：25.7%
转债占总市值比：21.7%",0.00,002839,sz128048,有效期：-；质押代码：128048,128048；2019-05-16 开始转股,全价：129.203 最后更新：15:14:03
128025,特一转债,sz002728,特一药业,C,13.80,2021-12-01,2018-06-12,2023-12-06,2021-12-06,,,100.000,y,55.36,30,30,0,0.00,,,74.39,106.000,n,130.000,15,30,5,,X,3.540,2.977,AA-,AA-,许丹青的股票,,,,szmb,,,128025,128025,1.7700,082728,072728,,N,N,74.250,buy,,,3.68,N,221643927.0,127186140.0,Y,17.45,29425.85,-7.77%,00,buy,buy,buy,15:14:03,126.45,13.42%,1.882,-14.29%,-14.91%,143.413,143.413,-3.93%,31848.44,Y,1,1,,-,,N,-,buy,-,23-12-06,156.83,17.94,9.66,13.4%,7.7%,"转债占流动市值比：13.4%
转债占总市值比：7.7%",0.00,002728,sz128025,有效期：-；质押代码：128025,128025；2018-06-12 开始转股,全价：143.413 最后更新：15:14:03
123084,高澜转债,sz300499,高澜股份,C,9.01,2021-09-22,2021-06-16,2026-12-09,2024-12-09,,,100.000,y,44.42,30,30,0,0.00,,,26.66,115.000,n,130.000,15,30,11,,X,2.800,2.544,A+,A+,无担保,,,,szcy,,,123084,123084,1.0061,380499,370499,,N,N,67.220,buy,,,4.22,N,280804041.0,241690999.0,Y,14.20,14109.57,-2.74%,00,buy,buy,buy,15:14:03,157.60,13.51%,4.893,-7.77%,-8.43%,178.902,178.902,-4.20%,12513.60,Y,1,1,,-,,N,-,buy,-,26-12-09,192.41,11.71,6.31,7.4%,6.4%,"转债占流动市值比：7.4%
转债占总市值比：6.4%",0.00,300499,sz123084,有效期：-；质押代码：123084,123084；2021-06-16 开始转股,全价：178.902 最后更新：15:14:03
128075,远东转债,sz002406,远东传动,C,5.29,2021-07-13,2020-03-27,2025-09-23,2023-09-25,,,100.000,y,60.11,30,30,0,0.00,,,0.97,110.000,n,130.000,15,30,0,,X,8.940,5.438,AA,AA,无担保,,,,szmb,,,128075,128075,1.5930,082406,072406,,N,N,42.076,buy,,,1.13,N,624158139.0,496148542.0,Y,6.16,3062.59,-1.28%,00,buy,buy,buy,15:14:03,116.45,13.51%,3.682,-3.94%,-4.59%,132.181,132.181,-0.13%,697.67,Y,0,0,,-,,N,-,buy,-,25-09-23,145.69,6.88,3.70,17.8%,14.1%,"转债占流动市值比：17.8%
转债占总市值比：14.1%",0.00,002406,sz128075,有效期：-；质押代码：128075,128075；2020-03-27 开始转股,全价：132.181 最后更新：15:14:03
113545,金能转债,sh603113,金能科技,C,10.43,2021-05-31,2020-04-20,2025-10-13,2023-10-13,,,100.000,y,47.26,30,30,0,0.00,,,2.57,110.000,n,130.000,15,30,0,,N,15.000,9.867,AA,AA,无担保,,,,shmb,2021年12月23日公告：本次（2021年12月3日至2021年12月23日）不提前赎回，至2022年3月22日均不提前赎回,,113545,113545,2.2190,753113,754113,,N,N,47.100,buy,R,,1.48,N,855071934.0,723665890.0,Y,15.45,10767.06,0.78%,00,buy,buy,buy,14:59:59,148.13,13.77%,3.737,-10.03%,-10.61%,168.530,168.530,0.32%,4275.00,Y,0,0,G,-,,N,-,buy,-,25-10-13,182.30,13.56,7.30,8.8%,7.5%,"转债占流动市值比：8.8%
转债占总市值比：7.5%",0.00,603113,sh113545,有效期：-；质押代码：113545,113545；2020-04-20 开始转股,全价：168.530 最后更新：14:59:59
127029,中钢转债,sz000928,中钢国际,C,5.79,2021-09-24,2021-09-27,2027-03-18,2025-03-18,,,100.000,y,52.77,30,30,0,0.00,,,10.91,113.000,n,130.000,15,30,0,,N,9.600,8.195,AA+,AA+,无,,,,szmb,2021年10月26日公告：本次（2021年9月27日至10月26日）不行使提前赎回权利，至2022年4月25日前均不提前赎回,,127029,127029,0.7639,080928,070928,,N,N,20.710,buy,R,,1.63,N,1280919103.0,1280887903.0,Y,7.68,18928.38,0.00%,00,buy,buy,buy,15:14:03,132.64,14.17%,5.164,-4.86%,-5.41%,151.444,151.444,2.33%,13469.90,Y,0,0,G,-,,N,-,buy,-,27-03-18,165.61,7.53,4.05,8.3%,8.3%,"转债占流动市值比：8.3%
转债占总市值比：8.3%",0.00,000928,sz127029,有效期：-；质押代码：127029,127029；2021-09-27 开始转股,全价：151.444 最后更新：15:14:03
128107,交科转债,sz002061,浙江交科,C,5.24,2021-07-13,2020-10-28,2026-04-22,2024-04-22,,,100.000,y,61.96,30,30,0,0.00,,,2.87,110.000,n,130.000,15,30,0,,X,25.000,24.997,AA+,AA+,无担保,,,,szmb,,,128107,128107,1.8173,082061,072061,,N,N,83.390,buy,,,0.89,N,1375702619.0,1375702619.0,Y,5.92,15320.55,2.78%,00,buy,buy,buy,15:14:03,112.98,14.24%,4.260,-2.75%,-3.35%,129.070,129.070,1.60%,9305.55,Y,0,0,,-,,N,-,buy,-,26-04-22,143.31,6.81,3.67,30.7%,30.7%,"转债占流动市值比：30.7%
转债占总市值比：30.7%",0.00,002061,sz128107,有效期：-；质押代码：128107,128107；2020-10-28 开始转股,全价：129.070 最后更新：15:14:03
128087,孚日转债,sz002083,孚日股份,C,4.50,2021-04-28,2020-06-23,2025-12-17,2023-12-18,,,100.000,y,63.51,30,30,0,0.00,,,4.20,108.000,n,130.000,15,30,0,,X,6.500,6.497,AA-,AA-,无担保,,,,szmb,,,128087,128087,0.7403,082083,072083,,N,N,47.200,buy,,,1.20,N,908045977.0,905433276.0,Y,4.96,11141.51,-0.40%,00,buy,buy,buy,15:14:03,110.22,14.31%,3.915,-2.95%,-3.49%,125.997,125.997,-0.40%,3435.87,Y,1,1,,-,,N,-,buy,-,25-12-17,140.31,5.85,3.15,14.5%,14.4%,"转债占流动市值比：14.5%
转债占总市值比：14.4%",0.00,002083,sz128087,有效期：-；质押代码：128087,128087；2020-06-23 开始转股,全价：125.997 最后更新：15:14:03
128121,宏川转债,sz002930,宏川智慧,C,19.89,2021-10-11,2021-01-25,2026-07-16,2024-07-16,,,100.000,y,61.91,30,30,0,0.00,,,1.47,108.000,n,130.000,15,30,9,,X,6.700,6.699,AA-,AA-,无担保,,,,szmb,,,128121,128121,1.5099,082930,072930,,N,N,77.700,buy,,,4.42,N,446826731.0,424324536.0,Y,22.49,6032.76,-0.09%,00,buy,buy,buy,15:14:03,113.07,14.38%,4.493,-3.04%,-3.53%,129.326,129.326,-0.29%,1279.96,Y,0,0,,-,,N,-,buy,-,26-07-16,143.71,25.86,13.92,7.0%,6.7%,"转债占流动市值比：7.0%
转债占总市值比：6.7%",0.00,002930,sz128121,有效期：-；质押代码：128121,128121；2021-01-25 开始转股,全价：129.326 最后更新：15:14:03
128017,金禾转债,sz002597,金禾实业,C,21.97,2021-05-21,2018-08-07,2023-11-01,2021-11-01,,,100.000,y,35.53,30,30,0,0.00,,,2.11,106.000,n,130.000,15,30,11,,X,6.000,5.519,AA,AA,无担保,,,,szmb,,,128017,128017,1.0633,082597,072597,,N,N,89.139,buy,R,,4.55,N,560913735.0,559486768.0,Y,43.29,18448.67,0.02%,00,buy,buy,buy,15:14:03,197.04,14.44%,1.786,-34.13%,-34.61%,225.500,225.500,-0.83%,2621.88,Y,0,0,,-,,N,-,buy,-,23-11-01,239.94,28.56,15.38,2.3%,2.3%,"转债占流动市值比：2.3%
转债占总市值比：2.3%",0.00,002597,sz128017,有效期：-；质押代码：128017,128017；2018-08-07 开始转股,全价：225.500 最后更新：15:14:03
110077,洪城转债,sh600461,洪城环境,C,6.71,2021-07-09,2021-05-26,2026-11-19,2024-11-19,,,100.000,y,57.14,30,30,0,0.00,,,0.75,110.000,n,130.000,15,30,1,,X,18.000,17.678,AA+,AA+,无担保,,,,shmb,,,110077,110077,1.8980,704461,733461,,N,N,81.140,buy,,,1.37,N,952834715.0,917719970.0,Y,8.22,4553.87,-0.12%,00,buy,buy,buy,14:59:49,122.50,14.54%,4.838,-4.37%,-4.83%,140.310,140.310,-0.26%,1858.09,Y,0,0,,-,,N,-,buy,-,26-11-19,154.85,8.72,4.70,23.4%,22.6%,"转债占流动市值比：23.4%
转债占总市值比：22.6%",0.00,600461,sh110077,有效期：-；质押代码：110077,110077；2021-05-26 开始转股,全价：140.310 最后更新：14:59:49
128040,华通转债,sz002758,浙农股份,C,10.03,2022-01-17,2018-12-21,2024-06-13,2022-06-14,,,100.000,y,61.11,30,30,0,0.00,,,7.16,108.000,n,130.000,15,30,0,,X,2.240,2.222,AA,AA,出质人钱木水、沈剑巢、朱国良将其合法拥有的公司股票作为质押资产进行质押担保，钱木水、沈剑巢、朱国良为本次发行可转债提供连带责任保证,,,,szmb,,,128040,128040,1.0666,082758,072758,,N,N,29.770,buy,,,1.74,N,500508037.0,195027600.0,Y,11.49,6696.86,-2.79%,00,buy,buy,buy,15:14:03,114.56,14.58%,2.403,-6.74%,-7.53%,131.257,131.257,0.49%,2097.44,Y,0,0,,-,,N,-,buy,-,24-06-13,145.84,13.04,7.02,9.9%,3.9%,"转债占流动市值比：9.9%
转债占总市值比：3.9%",0.00,002758,sz128040,有效期：-；质押代码：128040,128040；2018-12-21 开始转股,全价：131.257 最后更新：15:14:03
118000,嘉元转债,sh688388,嘉元科技,C,78.74,2021-05-06,2021-09-01,2027-02-22,2025-02-24,,,100.000,y,40.89,30,30,0,0.00,,,7.68,115.000,n,130.000,15,30,0,,N,12.400,9.789,AA-,AA-,无,,,,shkc,2022年1月18日公告：本次（2021年12月25日至2022年1月17日）不提前赎回，至2022年7月18日均不提前赎回,,118000,118000,5.3700,726388,718388,,N,N,70.922,buy,R,,9.91,N,234191983.0,170867583.0,Y,134.81,30336.68,-1.84%,00,buy,buy,buy,14:59:54,171.21,15.17%,5.099,-9.29%,-9.90%,197.180,197.180,-0.16%,14911.23,Y,0,0,G,-,,N,-,buy,-,27-02-22,212.35,102.36,55.12,4.2%,3.1%,"转债占流动市值比：4.2%
转债占总市值比：3.1%",0.00,688388,sh118000,有效期：-；质押代码：118000,118000；2021-09-01 开始转股,全价：197.180 最后更新：14:59:54
113016,小康转债,sh601127,小康股份,C,16.96,2021-07-05,2018-05-11,2023-11-06,2021-11-06,,,100.000,y,22.86,30,30,0,0.00,,,262.07,106.000,n,130.000,15,30,0,,N,15.000,2.070,AA-,AA-,无担保,,,,shmb,2021年4月2日公告：本次不行使提前赎回权利，不提前赎回；至2022年4月2日均不提前赎回,,113016,113016,1.6490,764127,783127,,N,N,89.391,buy,R,,9.74,N,1359932415.0,1032551463.0,Y,51.93,164394.35,10.00%,00,buy,buy,buy,14:59:59,306.19,15.33%,1.800,-,-,353.120,353.120,3.87%,189986.77,Y,1,1,G,-,,N,-,buy,-,23-11-06,368.45,22.05,11.87,0.4%,0.3%,"转债占流动市值比：0.4%
转债占总市值比：0.3%",0.00,601127,sh113016,有效期：-；质押代码：113016,113016；2018-05-11 开始转股,全价：353.120 最后更新：14:59:59
123045,雷迪转债,sz300652,雷迪克,C,19.63,2021-07-01,2020-09-18,2026-03-11,2024-03-11,,,100.000,y,59.77,30,30,0,0.00,,,20.93,113.000,n,130.000,15,30,0,,X,2.880,1.660,A+,A+,无担保,,,,szcy,,,123045,123045,3.2784,380652,370652,,N,N,44.120,buy,,,2.22,N,94082005.0,83507961.0,Y,22.99,9056.19,-1.33%,00,buy,buy,buy,15:14:03,117.12,15.57%,4.145,-3.15%,-3.90%,135.351,135.351,-1.92%,4721.61,Y,0,0,,-,,N,-,buy,-,26-03-11,150.92,25.52,13.74,8.6%,7.7%,"转债占流动市值比：8.6%
转债占总市值比：7.7%",0.00,300652,sz123045,有效期：-；质押代码：123045,123045；2020-09-18 开始转股,全价：135.351 最后更新：15:14:03
123127,耐普转债,sz300818,耐普矿机,C,37.00,,2022-05-04,2027-10-28,2025-10-28,,,100.000,y,58.20,30,30,0,0.00,,,30.92,110.000,n,130.000,15,30,0,,X,4.000,4.000,A+,A+,无,,,,szcy,,,未到转股期,123127,5.7870,380818,370818,,N,N,22.780,-,,,3.31,N,70000000.0,31453000.0,Y,44.50,23466.34,-9.74%,00,buy,buy,buy,15:14:03,120.27,15.68%,5.778,-3.13%,-3.60%,139.130,139.130,-2.64%,17367.42,Y,0,0,,-,,N,-,buy,-,27-10-28,154.81,48.10,25.90,28.6%,12.8%,"转债占流动市值比：28.6%
转债占总市值比：12.8%",0.00,300818,sz123127,有效期：-；质押代码：123127,未到转股期；2022-05-04 开始转股,全价：139.130 最后更新：15:14:03
128101,联创转债,sz002036,联创电子,C,13.72,2021-06-07,2020-09-21,2026-03-16,2024-03-18,,,100.000,y,39.85,30,30,0,0.00,,,23.95,110.000,n,130.000,15,30,11,,X,3.000,2.995,AA,AA,无担保,,,,szmb,,,128101,128101,0.4208,082036,072036,,N,N,25.381,buy,R,,6.48,N,1062824950.0,1045944418.0,Y,24.10,89418.13,1.18%,00,buy,buy,buy,15:14:03,175.66,15.80%,4.159,-13.06%,-13.57%,203.414,203.414,-2.29%,14850.21,Y,0,0,,-,,N,-,buy,-,26-03-16,219.21,17.84,9.60,1.2%,1.2%,"转债占流动市值比：1.2%
转债占总市值比：1.2%",0.00,002036,sz128101,有效期：-；质押代码：128101,128101；2020-09-21 开始转股,全价：203.414 最后更新：15:14:03
110038,济川转债,sh600566,济川药业,C,23.40,2021-05-26,2018-05-17,2022-11-12,2020-11-13,,,100.000,y,42.65,30,30,0,0.00,,,11.54,100.000,y,125.000,15,30,2,,X,8.430,6.302,AA,AA,无担保,,,,shmb,,,110038,110038,1.0410,704566,733566,,N,N,15.921,buy,R,,2.81,N,888273021.0,888273021.0,Y,27.43,39532.02,-1.22%,00,buy,buy,buy,14:59:45,117.22,15.87%,0.816,-26.91%,-27.99%,135.820,135.820,-2.37%,10042.10,Y,1,1,,-,,N,-,buy,-,22-11-12,151.69,29.25,11.70,2.6%,2.6%,"转债占流动市值比：2.6%
转债占总市值比：2.6%",0.00,600566,sh110038,有效期：-；质押代码：110038,110038；2018-05-17 开始转股,全价：135.820 最后更新：14:59:45
113027,华钰转债,sh601020,ST华钰,C,10.17,,2019-12-20,2025-06-13,2023-06-14,,,100.000,y,63.00,30,30,0,0.00,,,16.50,110.000,n,130.000,15,30,0,,N,6.400,3.098,A,A,无担保,,,,shmb,2021年11月10日公告，本次（2021年10月19日至2021年11月9日）不行使提前赎回权利，至2022年4月18日均不提前赎回,,113027,113027,1.2160,764020,783020,,N,N,4.450,buy,,,2.34,N,555312548.0,555333979.0,Y,11.30,10549.77,-3.00%,00,buy,buy,buy,15:00:00,111.11,16.21%,3.403,-3.59%,-4.30%,129.120,129.120,-1.17%,6656.71,Y,0,0,G,-,,N,-,buy,-,25-06-13,145.33,13.22,7.12,4.9%,4.9%,"转债占流动市值比：4.9%
转债占总市值比：4.9%",0.00,601020,sh113027,有效期：-；质押代码：113027,113027；2019-12-20 开始转股,全价：129.120 最后更新：15:00:00
113579,健友转债,sh603707,健友股份,C,32.20,2021-07-15,2020-10-29,2026-04-22,2024-04-22,,,100.000,y,58.77,30,30,0,0.00,,,3.49,109.000,n,130.000,15,30,2,,X,5.030,5.023,AA,AA,无担保,,,,shmb,,,113579,113579,0.7000,753707,754707,,N,N,89.020,buy,R,,10.72,N,1243600220.0,1240854555.0,Y,38.35,11474.87,-0.39%,00,buy,buy,buy,14:59:55,119.10,16.41%,4.260,-4.60%,-5.14%,138.640,138.640,-0.33%,2427.61,Y,0,0,,-,,N,-,buy,-,26-04-22,155.05,41.86,22.54,1.1%,1.1%,"转债占流动市值比：1.1%
转债占总市值比：1.1%",0.00,603707,sh113579,有效期：-；质押代码：113579,113579；2020-10-29 开始转股,全价：138.640 最后更新：14:59:55
110071,湖盐转债,sh600929,雪天盐业,C,6.52,2021-05-31,2021-01-18,2026-07-09,2024-07-09,,,100.000,y,60.61,30,30,0,0.00,,,4.72,110.000,n,130.000,15,30,0,,X,7.200,7.198,AA,AA,无担保,,,,shmb,,,110071,110071,0.7840,704929,733929,,N,N,78.196,buy,R,,2.58,N,931898142.0,917778142.0,Y,7.53,9229.52,1.21%,00,buy,buy,buy,14:59:46,115.49,16.43%,4.474,-3.52%,-4.08%,134.470,134.470,0.82%,4545.53,Y,0,0,,-,,N,-,buy,-,26-07-09,150.90,8.48,4.56,10.4%,10.3%,"转债占流动市值比：10.4%
转债占总市值比：10.3%",0.00,600929,sh110071,有效期：-；质押代码：110071,110071；2021-01-18 开始转股,全价：134.470 最后更新：14:59:46
110061,川投转债,sh600674,川投能源,C,9.20,2021-07-15,2020-05-15,2025-11-10,2023-11-10,,,100.000,y,55.37,30,30,0,0.94,2022-01-19,2022-01-19,0.89,106.000,n,130.000,15,30,0,,N,40.000,39.616,AAA,AAA,无担保,,,,shmb,2021年9月28日公告：本次（2021年9月6日至2021年9月28日）期间不行使提前赎回权利，至2022年9月28日均不提前赎回,,110061,110061,0.9080,704674,733674,,N,N,81.590,buy,R,,1.64,N,4406155440.0,4406155440.0,Y,11.63,10472.19,1.31%,00,buy,buy,buy,14:59:55,126.41,16.67%,3.814,-7.46%,-7.90%,147.480,147.480,2.11%,5165.24,Y,0,0,G,-,,N,-,buy,-,25-11-10,164.15,11.96,6.44,7.7%,7.7%,"转债占流动市值比：7.7%
转债占总市值比：7.7%",0.00,600674,sh110061,有效期：2022-01-19 到 2022-01-19；质押代码：110061,110061；2020-05-15 开始转股,全价：147.480 最后更新：14:59:55
123100,朗科转债,sz300543,朗科智能,C,11.61,2021-05-26,2021-08-23,2027-02-08,2025-02-10,,,100.000,y,59.19,30,30,0,0.00,,,7.30,112.000,n,130.000,15,30,5,,X,3.800,3.799,AA-,AA-,无,,,,szcy,,,123100,123100,1.8421,380543,380543,,N,N,12.940,buy,,,3.52,N,268174890.0,199696919.0,Y,13.73,4991.15,-0.58%,00,buy,buy,buy,15:14:03,118.26,16.69%,5.060,-3.19%,-3.77%,138.000,138.000,0.95%,3838.53,Y,0,0,,-,,N,-,buy,-,27-02-08,154.69,15.09,8.13,13.9%,10.3%,"转债占流动市值比：13.9%
转债占总市值比：10.3%",0.00,300543,sz123100,有效期：-；质押代码：123100,123100；2021-08-23 开始转股,全价：138.000 最后更新：15:14:03
113577,春秋转债,sh603890,春秋电子,C,10.85,2021-09-03,2020-10-20,2026-04-13,2024-04-15,,,100.000,y,54.29,30,30,0,0.00,,,31.77,112.000,n,130.000,15,30,2,,X,2.400,1.777,AA-,AA-,股份质押担保和保证,,,,shmb,,,113577,113577,0.8750,753890,754890,,N,N,71.240,buy,R,,2.45,N,439175264.0,387107945.0,Y,13.99,15906.70,-3.52%,00,buy,buy,buy,15:00:00,128.94,16.73%,4.236,-5.76%,-6.42%,150.510,150.510,-4.96%,8703.65,Y,0,0,,-,,N,-,buy,-,26-04-13,167.24,14.11,7.59,3.3%,2.9%,"转债占流动市值比：3.3%
转债占总市值比：2.9%",0.00,603890,sh113577,有效期：-；质押代码：113577,113577；2020-10-20 开始转股,全价：150.510 最后更新：15:00:00
113602,景20转债,sh603228,景旺电子,C,27.40,2021-05-12,2021-03-01,2026-08-23,2024-08-23,,,100.000,y,57.95,30,30,0,0.00,,,1.71,108.000,n,130.000,15,30,0,,X,17.800,17.798,AA,AA,无担保,,,,shmb,,,113602,113602,2.0900,753228,754228,,N,N,85.940,buy,R,,3.99,N,851672591.0,841872019.0,Y,33.10,13573.89,-0.84%,00,buy,buy,buy,14:59:58,120.80,16.85%,4.597,-4.83%,-5.30%,141.160,141.160,-0.94%,4365.55,Y,1,1,,-,,N,-,buy,-,26-08-23,158.01,35.62,19.18,6.4%,6.3%,"转债占流动市值比：6.4%
转债占总市值比：6.3%",0.00,603228,sh113602,有效期：-；质押代码：113602,113602；2021-03-01 开始转股,全价：141.160 最后更新：14:59:58
113570,百达转债,sh603331,百达精工,C,11.34,2021-06-30,2020-09-17,2026-03-10,2024-03-11,,,100.000,y,63.15,30,30,0,0.00,,,9.01,110.000,n,130.000,15,30,0,,X,2.800,2.799,A+,A+,股份质押的担保,,,,shmb,,,113570,113570,2.1800,753331,754331,,N,N,46.370,buy,,,2.56,N,178159917.0,175419917.0,Y,12.57,2079.42,-2.71%,00,buy,buy,buy,14:59:59,110.85,17.14%,4.142,-2.97%,-3.58%,129.850,129.850,-1.19%,3283.93,Y,0,0,,-,,N,-,buy,-,26-03-10,146.99,14.74,7.94,12.7%,12.5%,"转债占流动市值比：12.7%
转债占总市值比：12.5%",0.00,603331,sh113570,有效期：-；质押代码：113570,113570；2020-09-17 开始转股,全价：129.850 最后更新：14:59:59
123022,长信转债,sz300088,长信科技,C,6.05,2021-06-17,2019-09-23,2025-03-18,2023-03-18,,,100.000,y,35.12,30,30,0,0.00,,,53.85,110.000,n,130.000,15,30,18,,X,12.300,2.564,AA,AA,无担保,,,,szcy,,,123022,123022,0.5350,380088,370088,,N,N,42.700,buy,R,,3.90,N,2454887088.0,2442659856.0,Y,12.06,77294.44,-1.55%,00,buy,buy,buy,15:14:03,199.34,17.15%,3.164,-20.53%,-21.11%,233.527,233.527,-2.55%,32813.59,Y,0,0,B,-,,N,-,buy,-,25-03-18,250.68,7.87,4.24,0.9%,0.9%,"转债占流动市值比：0.9%
转债占总市值比：0.9%",0.00,300088,sz123022,有效期：-；质押代码：123022,123022；2019-09-23 开始转股,全价：233.527 最后更新：15:14:03
127028,英特转债,sz000411,英特集团,C,13.22,2021-12-24,2021-07-12,2027-01-04,2025-01-06,,,100.000,y,64.99,30,30,0,0.00,,,9.70,108.000,n,130.000,15,30,0,,X,6.000,5.989,AA+,AA+,无担保,,,,szmb,,,127028,127028,2.4102,080411,070411,,N,N,52.150,buy,,,1.93,N,255376150.0,207422211.0,Y,14.24,12043.56,-5.00%,00,buy,buy,buy,15:14:03,107.72,17.25%,4.964,-2.29%,-2.74%,126.298,126.298,-1.18%,7345.65,Y,1,1,,-,,N,-,buy,-,27-01-04,143.55,17.19,9.25,20.3%,16.5%,"转债占流动市值比：20.3%
转债占总市值比：16.5%",0.00,000411,sz127028,有效期：-；质押代码：127028,127028；2021-07-12 开始转股,全价：126.298 最后更新：15:14:03
128143,锋龙转债,sz002931,锋龙股份,C,12.73,2021-06-08,2021-07-14,2027-01-07,2025-01-07,,,100.000,y,62.01,30,30,0,0.00,,,3.46,115.000,n,130.000,15,30,0,,X,2.450,2.444,A+,A+,股票质押担保,,,,szmb,,,128143,128143,1.7228,082931,072931,,N,N,80.170,buy,,,4.10,N,199140144.0,178663130.0,Y,14.37,5010.58,-1.30%,00,buy,buy,buy,15:14:03,112.88,17.29%,4.973,-1.80%,-2.50%,132.400,132.400,-0.30%,1123.25,Y,0,0,,-,,N,-,buy,-,27-01-07,149.69,16.55,8.91,9.5%,8.5%,"转债占流动市值比：9.5%
转债占总市值比：8.5%",0.00,002931,sz128143,有效期：-；质押代码：128143,128143；2021-07-14 开始转股,全价：132.400 最后更新：15:14:03
113051,节能转债,sh601016,节能风电,C,4.05,,2021-12-27,2027-06-21,2025-06-20,,,100.000,y,51.08,30,30,0,0.00,,,16.24,110.000,n,130.000,15,30,16,,X,30.000,29.994,AA+,AA+,无担保,,,,shmb,,,113051,113051,0.5980,764016,783016,,N,N,63.210,buy,R,,2.62,N,5012803191.0,4480613364.0,Y,5.55,81326.75,3.54%,00,buy,buy,buy,14:59:58,137.04,17.30%,5.425,-6.14%,-6.58%,160.740,160.740,6.20%,77468.03,Y,0,0,B,-,,N,-,buy,-,27-06-21,178.04,5.26,2.83,12.1%,10.8%,"转债占流动市值比：12.1%
转债占总市值比：10.8%",0.00,601016,sh113051,有效期：-；质押代码：113051,113051；2021-12-27 开始转股,全价：160.740 最后更新：14:59:58
110043,无锡转债,sh600908,无锡银行,C,5.61,2021-07-06,2018-08-05,2024-01-30,,,,,y,,15,30,0,0.00,,,2.31,106.000,n,130.000,15,30,0,,X,30.000,29.214,AA+,AA+,无担保,,,,shmb,,,110043,110043,1.6230,704908,733908,,N,N,37.110,buy,,,0.73,N,1861675522.0,1763699985.0,Y,6.05,18958.02,2.02%,00,buy,buy,buy,14:59:50,107.84,17.34%,2.033,-7.47%,-8.16%,126.540,126.540,2.37%,8471.05,Y,2,2,,-,,N,-,buy,-,24-01-30,143.88,7.29,-,27.4%,25.9%,"转债占流动市值比：27.4%
转债占总市值比：25.9%",0.00,600908,sh110043,有效期：-；质押代码：110043,110043；2018-08-05 开始转股,全价：126.540 最后更新：14:59:50
113610,灵康转债,sh603669,灵康药业,C,8.61,2021-05-31,2021-06-07,2026-11-30,2024-11-29,,,100.000,y,66.16,30,30,0,0.00,,,6.98,115.000,n,130.000,15,30,0,,X,5.250,4.580,AA-,AA-,控股股东灵康控股保证的担保方式,,,,shmb,,,113610,113610,0.7350,753669,754669,,N,N,78.680,buy,,,4.47,N,721227382.0,721227382.0,Y,9.11,4467.98,-3.90%,00,buy,buy,buy,14:59:56,105.81,17.34%,4.868,-0.59%,-1.31%,124.150,124.150,-1.65%,3996.81,Y,0,0,,-,,N,-,buy,-,26-11-30,141.49,11.19,6.03,7.0%,7.0%,"转债占流动市值比：7.0%
转债占总市值比：7.0%",0.00,603669,sh113610,有效期：-；质押代码：113610,113610；2021-06-07 开始转股,全价：124.150 最后更新：14:59:56
128141,旺能转债,sz002034,旺能环境,C,15.97,2021-05-31,2021-06-23,2026-12-16,2024-12-16,,,100.000,y,56.75,30,30,0,0.00,,,3.80,110.000,n,130.000,15,30,0,,X,14.000,12.702,AA,AA,无担保,,,,szmb,,,128141,128141,3.3225,082034,072034,,N,N,69.760,buy,,,1.63,N,429491129.0,426240243.0,Y,19.70,13172.32,-2.33%,00,buy,buy,buy,15:14:03,123.36,17.55%,4.912,-4.72%,-5.22%,145.000,145.000,-1.29%,6964.89,Y,0,0,,-,,N,-,buy,-,26-12-16,162.55,20.76,11.18,15.1%,15.0%,"转债占流动市值比：15.1%
转债占总市值比：15.0%",0.00,002034,sz128141,有效期：-；质押代码：128141,128141；2021-06-23 开始转股,全价：145.000 最后更新：15:14:03
110053,苏银转债,sh600919,江苏银行,C,6.37,2021-06-18,2019-09-20,2025-03-13,,,,,y,,15,30,0,0.80,2022-01-19,2022-01-19,1.37,111.000,n,130.000,15,30,0,,X,200.000,199.993,AAA,AAA,无担保,,,,shmb,,,110053,110053,1.7320,704919,733919,,N,N,26.970,buy,R,,0.53,N,14769628784.0,14679866951.0,Y,6.74,110009.13,3.53%,00,buy,buy,buy,14:59:36,105.81,17.69%,3.151,-1.67%,-2.66%,124.530,124.530,2.14%,33807.33,Y,0,0,,-,,N,-,buy,-,25-03-13,142.22,8.28,-,20.2%,20.1%,"转债占流动市值比：20.2%
转债占总市值比：20.1%",0.00,600919,sh110053,有效期：2022-01-19 到 2022-01-19；质押代码：110053,110053；2019-09-20 开始转股,全价：124.530 最后更新：14:59:36
128140,润建转债,sz002929,润建股份,C,26.40,2021-06-07,2021-06-15,2026-12-04,2024-12-06,,,100.000,y,50.63,30,30,0,0.00,,,8.87,110.000,n,130.000,15,30,0,,N,10.900,10.897,AA,AA,无担保,,,,szmb,2021年11月25日公告：本次（2021年11月08日至2021年11月24日）不行使提前赎回权利，至2022年12月31日均不提前赎回,,128140,128140,4.9377,082929,072929,,N,N,83.270,buy,,,2.36,N,228728817.0,168506828.0,Y,36.50,20327.33,2.36%,00,buy,buy,buy,15:14:03,138.26,17.72%,4.879,-7.00%,-7.49%,162.751,162.751,2.68%,15747.89,Y,0,0,G,-,,N,-,buy,-,26-12-04,180.47,34.32,18.48,17.7%,13.1%,"转债占流动市值比：17.7%
转债占总市值比：13.1%",0.00,002929,sz128140,有效期：-；质押代码：128140,128140；2021-06-15 开始转股,全价：162.751 最后更新：15:14:03
110066,盛屯转债,sh600711,盛屯矿业,C,4.87,2021-07-14,2020-09-07,2026-03-02,2024-03-01,,,100.000,y,32.97,30,30,0,0.00,,,13.10,110.000,n,130.000,15,30,0,,N,23.860,3.834,AA,AA,无担保,,,,shmb,2021年12月25日公告：本次（2021年12月6日至2021年12月24日）不提前赎回，至2022年1月24日均不提前赎回,,110066,110066,1.0330,704711,733711,,N,N,33.540,buy,R,,2.29,N,2747143184.0,2605882223.0,Y,10.34,38432.62,0.19%,00,buy,buy,buy,14:59:54,212.32,18.34%,4.121,-17.57%,-18.05%,251.270,251.270,0.49%,12711.26,Y,0,0,G,-,,N,-,buy,-,26-03-02,269.61,6.33,3.41,1.4%,1.3%,"转债占流动市值比：1.4%
转债占总市值比：1.3%",0.00,600711,sh110066,有效期：-；质押代码：110066,110066；2020-09-07 开始转股,全价：251.270 最后更新：14:59:54
127020,中金转债,sz000060,中金岭南,C,4.63,2021-06-18,2021-01-25,2026-07-19,2024-07-22,,,100.000,y,65.61,30,30,0,0.00,,,0.57,110.000,n,130.000,15,30,0,,X,38.000,34.279,AA+,AA+,无担保,,,,szmb,,,127020,127020,1.0645,080060,070060,,N,N,55.990,buy,R,,1.37,N,3650034613.0,3648835938.0,Y,4.94,15469.10,0.00%,00,buy,buy,buy,15:14:03,106.70,18.47%,4.501,-2.39%,-2.92%,126.400,126.400,0.64%,2444.18,Y,0,0,,-,,N,-,buy,-,26-07-19,144.87,6.02,3.24,19.0%,19.0%,"转债占流动市值比：19.0%
转债占总市值比：19.0%",0.00,000060,sz127020,有效期：-；质押代码：127020,127020；2021-01-25 开始转股,全价：126.400 最后更新：15:14:03
113011,光大转债,sh601818,光大银行,C,3.55,2021-07-21,2017-09-18,2023-03-17,,,,,n,,0,0,0,0.74,2022-01-19,2022-01-19,0.98,105.000,n,130.000,15,30,0,,X,300.000,241.980,AAA,AAA,无担保,,,,shmb,,,113011,113011,0.7530,764818,783818,4,N,N,,buy,R,,0.39,Y,54031918195.0,41353182695.0,Y,3.42,45936.96,1.18%,00,buy,buy,buy,14:59:49,96.34,18.63%,1.159,-5.76%,-6.79%,114.290,114.290,1.14%,26910.53,Y,0,0,,-,,N,-,buy,-,23-03-17,132.92,4.62,-,17.1%,13.1%,"转债占流动市值比：17.1%
转债占总市值比：13.1%",0.00,601818,sh113011,有效期：2022-01-19 到 2022-01-19；质押代码：113011,113011；2017-09-18 开始转股,全价：114.290 最后更新：14:59:49
113601,塞力转债,sh603716,塞力医疗,C,16.98,,2021-03-01,2026-08-20,2024-08-20,,,100.000,y,56.84,30,30,0,0.00,,,339.02,115.000,n,130.000,15,30,0,,X,5.430,5.428,AA-,AA-,无担保,,,,shmb,,,113601,113601,2.7390,753716,754716,,N,N,67.160,buy,,,2.65,N,205018993.0,201323345.0,Y,20.91,46948.23,9.99%,00,buy,buy,buy,15:00:00,123.14,18.70%,4.589,-4.15%,-4.88%,146.170,146.170,11.33%,266579.06,Y,0,0,,-,,N,-,buy,-,26-08-20,164.87,22.07,11.89,12.9%,12.7%,"转债占流动市值比：12.9%
转债占总市值比：12.7%",0.00,603716,sh113601,有效期：-；质押代码：113601,113601；2021-03-01 开始转股,全价：146.170 最后更新：15:00:00
113599,嘉友转债,sh603871,嘉友国际,C,18.32,2021-06-15,2021-02-18,2026-08-04,2024-08-04,,,100.000,y,60.15,30,30,0,0.00,,,1.45,120.000,n,130.000,15,30,0,,X,7.200,7.198,AA-,AA-,无担保,,,,shmb,,,113599,113599,3.2790,753871,754871,,N,N,90.430,buy,,,3.08,N,316960704.0,285385258.0,Y,21.32,3712.60,-2.60%,00,buy,buy,buy,14:59:11,116.38,18.75%,4.545,-2.12%,-3.02%,138.200,138.200,-0.76%,1448.91,Y,0,0,,-,,N,-,buy,-,26-08-04,156.95,23.82,12.82,11.8%,10.7%,"转债占流动市值比：11.8%
转债占总市值比：10.7%",0.00,603871,sh113599,有效期：-；质押代码：113599,113599；2021-02-18 开始转股,全价：138.200 最后更新：14:59:11
113619,世运转债,sh603920,世运电路,C,19.92,2021-06-17,2021-07-26,2027-01-19,2025-01-20,,,100.000,y,55.87,30,30,0,0.00,,,6.14,110.000,n,130.000,15,30,0,,X,10.000,9.997,AA,AA,无,,,,shmb,,,113619,113619,2.4420,753920,754920,,N,N,85.813,buy,,,4.87,N,532247495.0,532173395.0,Y,24.96,25662.59,-1.34%,00,buy,buy,buy,14:59:59,125.30,18.90%,5.005,-5.10%,-5.60%,148.980,148.980,0.94%,9134.92,Y,0,0,,-,,N,-,buy,-,27-01-19,167.88,25.90,13.94,7.5%,7.5%,"转债占流动市值比：7.5%
转债占总市值比：7.5%",0.00,603920,sh113619,有效期：-；质押代码：113619,113619；2021-07-26 开始转股,全价：148.980 最后更新：14:59:59
128076,金轮转债,sz002722,金轮股份,C,14.66,2021-05-31,2020-04-20,2025-10-14,2023-10-13,,,100.000,y,63.27,30,30,0,0.00,,,5.95,110.000,n,130.000,15,30,0,,X,2.140,2.138,AA-,AA-,无担保,,,,szmb,,,128076,128076,1.2196,082722,072722,,N,N,37.890,buy,,,1.42,N,175478558.0,175462283.0,Y,16.22,5942.98,-1.88%,00,buy,buy,buy,15:14:03,110.64,18.90%,3.740,-3.75%,-4.40%,131.549,131.549,-0.27%,1669.89,Y,0,0,,-,,N,-,buy,-,25-10-14,150.45,19.06,10.26,7.5%,7.5%,"转债占流动市值比：7.5%
转债占总市值比：7.5%",0.00,002722,sz128076,有效期：-；质押代码：128076,128076；2020-04-20 开始转股,全价：131.549 最后更新：15:14:03
127045,牧原转债,sz002714,牧原股份,C,47.91,,2022-02-21,2027-08-16,2025-08-15,,,100.000,y,60.10,30,30,0,0.00,,,1.00,107.000,n,130.000,15,30,0,,X,95.500,95.500,AA+,AA+,无,,,,szmb,,,未到转股期,127045,1.8145,082714,072714,,N,N,84.360,buy,R,,5.22,Y,5262358594.0,3550079179.0,Y,55.80,153422.56,-0.36%,00,buy,buy,buy,15:14:03,116.47,18.92%,5.578,-3.93%,-4.27%,138.510,138.510,-0.46%,13291.15,Y,0,0,,-,,N,-,buy,-,27-08-16,157.43,62.28,33.54,4.8%,3.3%,"转债占流动市值比：4.8%
转债占总市值比：3.3%",0.00,002714,sz127045,有效期：-；质押代码：127045,未到转股期；2022-02-21 开始转股,全价：138.510 最后更新：15:14:03
110079,杭银转债,sh600926,杭州银行,C,12.99,2021-08-30,2021-10-08,2027-03-29,,,,,y,,0,0,0,0.82,2022-01-19,2022-01-19,1.32,108.000,n,130.000,15,30,0,,X,150.000,149.993,AAA,AAA,无,,,,shmb,,,110079,110079,2.5290,704926,733926,,N,N,42.340,buy,R,,0.93,Y,5930255051.0,5060452059.0,Y,13.82,28036.85,2.83%,00,buy,buy,buy,14:59:56,106.39,19.00%,5.195,-2.30%,-2.72%,126.600,126.600,1.64%,25001.92,Y,1,1,,-,,N,-,buy,-,27-03-29,145.60,16.89,-,21.4%,18.3%,"转债占流动市值比：21.4%
转债占总市值比：18.3%",0.00,600926,sh110079,有效期：2022-01-19 到 2022-01-19；质押代码：110079,110079；2021-10-08 开始转股,全价：126.600 最后更新：14:59:56
128029,太阳转债,sz002078,太阳纸业,C,8.45,2021-07-08,2018-06-28,2022-12-22,2020-12-22,,,100.000,y,50.82,30,30,0,0.00,,,2.63,106.000,n,130.000,15,30,0,,N,12.000,9.086,AA+,AA+,无担保,,,,szmb,2022年1月1日公告：本次不提前赎回，至存续期结束前（即2022年12月22日前）均不行使提前赎回权利,,128029,128029,0.4628,082078,072078,,N,N,73.570,buy,R,,1.63,N,2687002843.0,2612712093.0,Y,11.64,17294.06,0.26%,00,buy,buy,buy,15:14:03,137.75,19.06%,0.926,-38.19%,-38.98%,164.002,164.002,-1.26%,3958.81,Y,0,0,G,-,,N,-,buy,-,22-12-22,183.06,10.98,5.92,3.0%,2.9%,"转债占流动市值比：3.0%
转债占总市值比：2.9%",0.00,002078,sz128029,有效期：-；质押代码：128029,128029；2018-06-28 开始转股,全价：164.002 最后更新：15:14:03
128097,奥佳转债,sz002614,奥佳华,C,10.39,2021-04-30,2020-09-02,2026-02-25,2024-02-26,,,100.000,y,57.09,30,30,0,0.00,,,1.44,110.000,n,130.000,15,30,1,,X,12.000,4.586,AA-,AA-,无担保,,,,szmb,,,128097,128097,2.1380,082614,072614,,N,N,75.270,buy,,,1.68,N,630693012.0,448080169.0,Y,12.74,10859.67,-2.75%,00,buy,buy,buy,15:14:03,122.62,19.15%,4.107,-5.79%,-6.38%,146.100,146.100,-2.54%,976.04,Y,0,0,,-,,N,-,buy,-,26-02-25,165.25,13.51,7.27,8.0%,5.7%,"转债占流动市值比：8.0%
转债占总市值比：5.7%",0.00,002614,sz128097,有效期：-；质押代码：128097,128097；2020-09-02 开始转股,全价：146.100 最后更新：15:14:03
123130,设研转债,sz300732,设研院,C,11.24,,2022-05-17,2027-11-10,2025-11-10,,,100.000,y,60.52,30,30,0,0.00,,,29.15,112.000,n,130.000,15,30,0,,X,3.760,3.760,AA,AA,无,,,,szcy,,,未到转股期,123130,1.3718,380732,370732,,N,N,63.570,-,,,1.41,N,275296402.0,269977503.0,Y,13.00,16941.48,5.18%,00,buy,buy,buy,15:14:03,115.66,19.32%,5.814,-2.83%,-3.32%,138.000,138.000,3.92%,15184.72,Y,0,0,,-,,N,-,buy,-,27-11-10,157.32,14.61,7.87,10.7%,10.5%,"转债占流动市值比：10.7%
转债占总市值比：10.5%",0.00,300732,sz123130,有效期：-；质押代码：123130,未到转股期；2022-05-17 开始转股,全价：138.000 最后更新：15:14:03
128109,楚江转债,sz002171,楚江新材,C,8.63,2021-05-31,2020-12-10,2026-06-03,2024-06-03,,,100.000,y,49.48,30,30,0,0.00,,,1.74,110.000,n,130.000,15,30,0,,N,18.300,18.226,AA,AA,无担保,,,,szmb,2021年11月30日公告：本次不行使楚江转债的提前赎回权利，至2022年11月29日均不提前赎回,,128109,128109,1.4176,082171,072171,,N,N,78.850,buy,R,,2.69,N,1334530042.0,1244685323.0,Y,12.21,36860.93,0.08%,00,buy,buy,buy,15:14:03,141.48,19.36%,4.375,-8.58%,-9.10%,168.880,168.880,-0.13%,5402.75,Y,0,0,G,-,,N,-,buy,-,26-06-03,188.24,11.22,6.04,12.0%,11.2%,"转债占流动市值比：12.0%
转债占总市值比：11.2%",0.00,002171,sz128109,有效期：-；质押代码：128109,128109；2020-12-10 开始转股,全价：168.880 最后更新：15:14:03
118002,天合转债,sh688599,天合光能,C,50.51,,2022-02-21,2027-08-12,2025-08-12,,,100.000,y,52.57,30,30,0,0.00,,,1.88,115.000,n,130.000,15,30,0,,X,52.520,52.520,AA,AA,无,,,,shkc,,,未到转股期,118002,2.5400,726599,718599,,N,N,63.350,buy,R,,8.51,N,2073667807.0,1219295285.0,Y,67.26,53379.43,-0.16%,00,buy,buy,buy,14:59:54,133.16,19.55%,5.567,-5.01%,-5.58%,159.190,159.190,0.28%,15836.77,Y,0,0,,-,,N,-,buy,-,27-08-12,178.74,65.66,35.36,6.4%,3.8%,"转债占流动市值比：6.4%
转债占总市值比：3.8%",0.00,688599,sh118002,有效期：-；质押代码：118002,未到转股期；2022-02-21 开始转股,全价：159.190 最后更新：14:59:54
123107,温氏转债,sz300498,温氏股份,C,17.62,2021-07-08,2021-10-08,2027-03-28,2025-03-28,,,100.000,y,62.77,30,30,0,0.85,2022-01-19,2022-01-19,0.87,108.000,n,130.000,15,30,0,,X,92.970,92.965,AAA,AAA,无,,,,szcy,,,123107,123107,1.4587,380498,370498,,N,N,73.790,buy,R,,3.46,N,6351814344.0,4728906382.0,Y,19.65,70017.36,1.45%,00,buy,buy,buy,15:14:03,111.52,19.61%,5.192,-3.20%,-3.63%,133.386,133.386,1.25%,10748.52,Y,0,0,,-,,N,-,buy,-,27-03-28,153.00,22.91,12.33,10.0%,7.4%,"转债占流动市值比：10.0%
转债占总市值比：7.4%",0.00,300498,sz123107,有效期：2022-01-19 到 2022-01-19；质押代码：123107,123107；2021-10-08 开始转股,全价：133.386 最后更新：15:14:03
113502,嘉澳转债,sh603822,嘉澳环保,C,44.64,2021-06-24,2018-05-17,2023-11-09,2021-11-10,,,100.000,y,60.83,30,30,0,0.00,,,15.64,108.000,n,130.000,15,30,0,,X,1.850,1.844,AA-,A+,公司控股股东桐乡市顺昌投资有限公司,,,,shmb,,,113502,113502,2.5220,753822,754822,,N,N,59.814,buy,,,4.33,N,73362554.0,72518133.0,Y,51.37,14778.75,1.24%,00,buy,buy,buy,14:59:59,115.08,19.63%,1.808,-11.86%,-12.72%,137.670,137.670,1.21%,3948.42,Y,0,0,,-,,N,-,buy,-,23-11-09,157.30,58.03,31.25,4.9%,4.9%,"转债占流动市值比：4.9%
转债占总市值比：4.9%",0.00,603822,sh113502,有效期：-；质押代码：113502,113502；2018-05-17 开始转股,全价：137.670 最后更新：14:59:59
113048,晶科转债,sh601778,晶科科技,C,5.46,2021-10-27,2021-10-29,2027-04-22,2025-04-22,,,100.000,y,52.72,30,30,0,0.00,,,7.41,112.000,n,130.000,15,30,0,,N,30.000,22.968,AA,AA,无,,,,shmb,2021年11月19日公告：本次（2021年10月29日至2021年11月18日）不行使提前赎回权利，至2022年5月18日均不提前赎回,,113048,113048,1.0840,764778,783778,,N,N,37.350,buy,,,1.77,N,2894294611.0,2040894611.0,Y,7.25,32433.77,0.42%,00,buy,buy,buy,14:59:58,132.78,19.71%,5.260,-5.74%,-6.26%,158.960,158.960,2.61%,26889.42,Y,1,1,G,-,,N,-,buy,-,27-04-22,178.67,7.10,3.82,15.5%,10.9%,"转债占流动市值比：15.5%
转债占总市值比：10.9%",0.00,601778,sh113048,有效期：-；质押代码：113048,113048；2021-10-29 开始转股,全价：158.960 最后更新：14:59:58
123060,苏试转债,sz300416,苏试试验,C,19.05,2022-01-11,2021-01-27,2026-07-20,2024-07-22,,,100.000,y,40.52,30,30,0,0.00,,,28.19,112.000,n,130.000,15,30,0,,N,3.100,3.097,AA-,AA-,无担保,,,,szcy,2021年11月5日公告：本次（2021年10月18日至2021年11月5日）不行使提前赎回权利，至2022年5月5日均不提前赎回,,123060,123060,1.5243,380416,370416,,N,N,75.120,buy,,,8.75,N,284582225.0,261781906.0,Y,32.91,15081.85,-0.12%,00,buy,buy,buy,15:14:03,172.76,19.71%,4.504,-12.04%,-12.60%,206.800,206.800,2.27%,18309.71,Y,0,0,G,-,,N,-,buy,-,26-07-20,226.51,24.77,13.34,3.6%,3.3%,"转债占流动市值比：3.6%
转债占总市值比：3.3%",0.00,300416,sz123060,有效期：-；质押代码：123060,123060；2021-01-27 开始转股,全价：206.800 最后更新：15:14:03
110075,南航转债,sh600029,南方航空,C,6.24,,2021-04-21,2026-10-14,2024-10-14,,,100.000,y,60.67,30,30,0,0.90,2022-01-19,2022-01-19,0.52,106.500,n,130.000,15,30,0,,X,160.000,58.960,AAA,AAA,无担保,,,,shmb,,,110075,110075,1.4470,704029,733029,,N,N,76.060,buy,R,,1.66,N,16948438028.0,10219858722.0,Y,7.20,37307.89,3.45%,00,buy,buy,buy,14:59:47,115.38,19.72%,4.740,-4.78%,-5.14%,138.140,138.140,0.48%,4259.72,Y,0,0,,-,,N,-,buy,-,26-10-14,157.86,8.11,4.37,8.0%,4.8%,"转债占流动市值比：8.0%
转债占总市值比：4.8%",0.00,600029,sh110075,有效期：2022-01-19 到 2022-01-19；质押代码：110075,110075；2021-04-21 开始转股,全价：138.140 最后更新：14:59:47
123087,明电转债,sz300739,明阳电路,C,16.32,2021-05-24,2021-06-21,2026-12-14,2025-12-15,,,100.000,y,55.86,30,30,0,0.00,,,2.70,115.000,n,130.000,15,30,0,,X,6.730,4.189,AA-,AA-,无担保,,,,szcy,,,123087,123087,2.4094,380739,370739,,N,N,84.410,buy,R,,3.02,N,294757909.0,288240829.0,Y,17.53,6160.90,-1.68%,00,buy,buy,buy,15:14:03,107.41,19.72%,4.907,-1.29%,-2.00%,128.600,128.600,-0.16%,1459.63,Y,1,1,,-,,N,-,buy,-,26-12-14,148.32,21.22,9.79,8.3%,8.1%,"转债占流动市值比：8.3%
转债占总市值比：8.1%",0.00,300739,sz123087,有效期：-；质押代码：123087,123087；2021-06-21 开始转股,全价：128.600 最后更新：15:14:03
123057,美联转债,sz300586,美联新材,C,9.50,2021-07-12,2021-01-07,2026-06-30,2024-07-01,,,100.000,y,58.44,30,30,0,0.00,,,12.11,112.000,n,130.000,15,30,0,,N,2.070,2.066,AA-,AA-,无担保,,,,szcy,2021年12月13日公告：本次（2021年11月19日至2021年12月13日）不提前赎回，至2022年6月13日均提前赎回,,123057,123057,0.4533,380586,370586,,N,N,82.410,buy,,,4.86,N,524473683.0,346950508.0,Y,11.38,8089.98,-1.30%,00,buy,buy,buy,15:14:03,119.79,19.80%,4.449,-4.43%,-5.08%,143.510,143.510,-1.37%,3615.03,Y,0,0,G,-,,N,-,buy,-,26-06-30,163.31,12.35,6.65,5.2%,3.5%,"转债占流动市值比：5.2%
转债占总市值比：3.5%",0.00,300586,sz123057,有效期：-；质押代码：123057,123057；2021-01-07 开始转股,全价：143.510 最后更新：15:14:03
123050,聚飞转债,sz300303,聚飞光电,C,5.08,2021-06-30,2020-10-20,2026-04-13,2024-04-15,,,100.000,y,57.26,30,30,0,0.00,,,2.61,118.000,n,130.000,15,30,0,,X,7.050,3.746,AA-,AA-,无担保,,,,szcy,,,123050,123050,0.5513,380303,370303,,N,N,43.220,buy,,,2.95,N,1342588701.0,1223105685.0,Y,6.21,23716.18,-2.05%,00,buy,buy,buy,15:14:03,122.24,19.93%,4.236,-4.00%,-4.88%,146.610,146.610,-0.64%,1443.63,Y,0,0,,-,,N,-,buy,-,26-04-13,166.54,6.60,3.56,4.9%,4.5%,"转债占流动市值比：4.9%
转债占总市值比：4.5%",0.00,300303,sz123050,有效期：-；质押代码：123050,123050；2020-10-20 开始转股,全价：146.610 最后更新：15:14:03
110081,闻泰转债,sh600745,闻泰科技,C,96.67,,2022-02-03,2027-07-27,2025-07-28,,,100.000,y,55.89,30,30,0,0.00,,,2.20,108.000,n,130.000,15,30,0,,X,86.000,86.000,AA+,AA+,无,,,,shmb,,,未到转股期,110081,6.9070,704745,733745,,N,N,55.670,buy,R,,4.58,N,1246210166.0,936607734.0,Y,121.08,135267.91,0.05%,00,buy,buy,buy,14:59:56,125.25,20.07%,5.523,-5.27%,-5.63%,150.390,150.390,0.12%,28653.81,Y,0,0,,-,,N,-,buy,-,27-07-27,170.46,125.67,67.67,7.6%,5.7%,"转债占流动市值比：7.6%
转债占总市值比：5.7%",0.00,600745,sh110081,有效期：-；质押代码：110081,未到转股期；2022-02-03 开始转股,全价：150.390 最后更新：14:59:56
127013,创维转债,sz000810,创维数字,C,11.29,2021-06-10,2019-10-21,2025-04-15,2023-04-17,,,100.000,y,56.98,30,30,0,0.00,,,71.00,113.000,n,130.000,15,30,1,,X,10.400,9.778,AA,AA,无担保,,,,szmb,,,127013,127013,0.9821,080810,070810,,N,N,26.600,buy,R,,3.38,N,1063237105.0,1030222093.0,Y,13.87,155918.60,-6.60%,00,buy,buy,buy,15:14:03,122.85,20.28%,3.241,-7.00%,-7.85%,147.761,147.761,-2.64%,104992.99,Y,0,0,,-,,N,-,buy,-,25-04-15,168.04,14.68,7.90,6.8%,6.6%,"转债占流动市值比：6.8%
转债占总市值比：6.6%",0.00,000810,sz127013,有效期：-；质押代码：127013,127013；2019-10-21 开始转股,全价：147.761 最后更新：15:14:03
128137,洁美转债,sz002859,洁美科技,C,27.63,2021-06-03,2021-05-10,2026-11-03,2024-11-04,,,100.000,y,54.28,30,30,0,0.00,,,3.10,112.000,n,130.000,15,30,0,,N,6.000,5.994,AA-,AA-,,,,,szmb,2021年12月28日公告：本次（2021年11月16日至2021年12月27日）不提前赎回，至2022年6月27日均不提前赎回,,128137,128137,1.4645,082859,072859,,N,N,81.230,buy,,,7.04,N,410020847.0,402836495.0,Y,35.63,19889.40,-2.09%,00,buy,buy,buy,15:14:03,128.95,20.38%,4.795,-5.84%,-6.40%,155.230,155.230,-2.31%,2884.84,Y,0,0,G,-,,N,-,buy,-,26-11-03,175.61,35.92,19.34,4.2%,4.1%,"转债占流动市值比：4.2%
转债占总市值比：4.1%",0.00,002859,sz128137,有效期：-；质押代码：128137,128137；2021-05-10 开始转股,全价：155.230 最后更新：15:14:03
113593,沪工转债,sh603131,上海沪工,C,21.12,2021-06-10,2021-01-25,2026-07-19,2024-07-22,,,100.000,y,56.51,30,30,0,0.00,,,4.49,115.000,n,130.000,15,30,0,,X,4.000,3.998,A+,A+,公司控股股东舒宏瑞不可撤销的连带责任保证担保,,,,shmb,,,113593,113593,1.2570,753131,754131,,N,N,55.560,buy,,,6.17,N,317982401.0,317982401.0,Y,26.16,5927.07,0.77%,00,buy,buy,buy,14:59:57,123.86,20.47%,4.501,-4.61%,-5.36%,149.220,149.220,-0.52%,2684.78,Y,0,0,,-,,N,-,buy,-,26-07-19,169.69,27.46,14.78,4.8%,4.8%,"转债占流动市值比：4.8%
转债占总市值比：4.8%",0.00,603131,sh113593,有效期：-；质押代码：113593,113593；2021-01-25 开始转股,全价：149.220 最后更新：14:59:57
123105,拓尔转债,sz300229,拓尔思,C,9.96,2021-08-12,2021-09-27,2027-03-18,2025-03-18,,,100.000,y,60.73,30,30,0,0.00,,,4.43,115.000,n,130.000,15,30,0,,X,8.000,7.999,AA-,AA-,无,,,,szcy,,,123105,123105,1.1157,380229,370229,,N,N,57.500,buy,,,3.40,N,714757283.0,713331742.0,Y,11.48,34316.33,-1.46%,00,buy,buy,buy,15:14:03,115.26,20.51%,5.164,-2.67%,-3.34%,138.900,138.900,-0.39%,4950.81,Y,0,0,,-,,N,-,buy,-,27-03-18,159.41,12.95,6.97,9.8%,9.7%,"转债占流动市值比：9.8%
转债占总市值比：9.7%",0.00,300229,sz123105,有效期：-；质押代码：123105,123105；2021-09-27 开始转股,全价：138.900 最后更新：15:14:03
113588,润达转债,sh603108,润达医疗,C,13.25,2021-07-16,2020-12-23,2026-06-16,2024-06-17,,,100.000,y,66.25,30,30,0,0.00,,,15.10,109.000,n,130.000,15,30,0,,X,5.500,5.499,AA,AA,无担保,,,,shmb,,,113588,113588,0.9490,753108,754108,,N,N,58.090,buy,R,,2.38,N,579538395.0,579538395.0,Y,14.00,30049.41,-9.97%,00,buy,buy,buy,14:59:59,105.66,20.54%,4.411,-2.55%,-3.09%,127.360,127.360,-7.25%,10758.24,Y,0,0,,-,,N,-,buy,-,26-06-16,147.90,17.23,9.28,6.8%,6.8%,"转债占流动市值比：6.8%
转债占总市值比：6.8%",0.00,603108,sh113588,有效期：-；质押代码：113588,113588；2020-12-23 开始转股,全价：127.360 最后更新：14:59:59
128120,联诚转债,sz002921,联诚精密,C,18.44,2021-05-11,2021-01-25,2026-07-16,2024-07-16,,,100.000,y,66.98,30,30,0,0.00,,,6.58,112.000,n,130.000,15,30,0,,X,2.600,2.600,A,A,实际控制人提供股票质押担保和保证担保,,,,szmb,,,128120,128120,3.1862,082921,072921,,N,N,69.810,buy,,,2.31,N,106080816.0,81816321.0,Y,19.27,5431.09,-1.13%,00,buy,buy,buy,15:14:03,104.50,20.86%,4.493,-1.55%,-2.23%,126.300,126.300,0.52%,2172.23,Y,0,0,,-,,N,-,buy,-,26-07-16,147.16,23.97,12.91,16.5%,12.7%,"转债占流动市值比：16.5%
转债占总市值比：12.7%",0.00,002921,sz128120,有效期：-；质押代码：128120,128120；2021-01-25 开始转股,全价：126.300 最后更新：15:14:03
113030,东风转债,sh601515,东风股份,C,6.40,2021-11-12,2020-06-30,2025-12-23,2023-12-25,,,100.000,y,55.10,30,30,0,0.00,,,12.08,112.000,n,130.000,15,30,6,,X,2.950,2.949,AA,AA,无担保,,,,shmb,,,113030,113030,0.2210,764515,783515,,N,N,13.210,buy,R,,2.73,N,1535743492.0,1334423360.0,Y,8.13,18478.34,-2.63%,00,buy,buy,buy,14:59:59,127.03,20.99%,3.932,-6.95%,-7.61%,153.690,153.690,-0.49%,5461.03,Y,0,0,,-,,N,-,buy,-,25-12-23,174.68,8.32,4.48,2.7%,2.4%,"转债占流动市值比：2.7%
转债占总市值比：2.4%",0.00,601515,sh113030,有效期：-；质押代码：113030,113030；2020-06-30 开始转股,全价：153.690 最后更新：14:59:59
113600,新星转债,sh603978,深圳新星,C,23.85,,2021-02-19,2026-08-12,2024-08-12,,,100.000,y,63.14,30,30,0,0.00,,,5.01,120.000,n,130.000,15,30,0,,N,5.950,4.533,AA-,AA-,股份质押担保,,,,shmb,2021年11月6日公告：本次（2021年10月8日至2021年11月5日）不行使提前赎回权利，至2022年2月6日均不提前赎回,,113600,113600,3.7180,753978,754978,,N,N,75.984,buy,,,2.63,N,165939476.0,165939476.0,Y,26.44,4921.46,-1.93%,00,buy,buy,buy,14:59:51,110.86,21.04%,4.567,-1.46%,-2.37%,134.180,134.180,-0.07%,3051.15,Y,0,0,G,-,,N,-,buy,-,26-08-12,155.22,31.00,16.70,10.3%,10.3%,"转债占流动市值比：10.3%
转债占总市值比：10.3%",0.00,603978,sh113600,有效期：-；质押代码：113600,113600；2021-02-19 开始转股,全价：134.180 最后更新：14:59:51
128066,亚泰转债,sz002811,郑中设计,C,9.27,2021-06-15,2019-10-23,2025-04-17,2023-04-17,,,100.000,y,72.02,30,30,0,0.00,,,1.75,112.000,n,130.000,15,30,0,,X,4.800,4.798,AA-,AA-,"连带责任保证,保证人深圳市亚泰一兆投资有限公司",,,,szmb,,,128066,128066,2.6666,082811,072811,,N,N,77.910,buy,,,1.59,N,270023688.0,239078995.0,Y,9.01,1289.24,-1.85%,00,buy,buy,buy,15:14:03,97.20,21.10%,3.247,-0.27%,-1.17%,117.700,117.700,0.16%,988.78,Y,1,1,,-,,N,-,buy,-,25-04-17,138.80,12.05,6.49,22.3%,19.7%,"转债占流动市值比：22.3%
转债占总市值比：19.7%",0.00,002811,sz128066,有效期：-；质押代码：128066,128066；2019-10-23 开始转股,全价：117.700 最后更新：15:14:03
110063,鹰19转债,sh600567,山鹰国际,C,3.26,2021-07-05,2020-06-19,2025-12-12,2023-12-12,,,100.000,y,69.57,30,30,0,0.00,,,0.22,111.000,n,130.000,15,30,0,,X,18.600,18.092,AA+,AA+,无担保,,,,shmb,,,110063,110063,0.4120,704567,733567,,N,N,31.650,buy,R,,0.91,N,4616166707.0,4616166707.0,Y,3.28,10593.13,-0.61%,00,buy,buy,buy,14:58:36,100.61,21.12%,3.901,-1.41%,-2.10%,121.860,121.860,0.01%,479.69,Y,0,0,,-,,N,-,buy,-,25-12-12,142.98,4.24,2.28,11.9%,11.9%,"转债占流动市值比：11.9%
转债占总市值比：11.9%",0.00,600567,sh110063,有效期：-；质押代码：110063,110063；2020-06-19 开始转股,全价：121.860 最后更新：14:58:36
113516,苏农转债,sh603323,苏农银行,C,5.37,2021-06-08,2019-02-11,2024-08-01,,,,,n,,15,30,0,0.00,,,3.29,110.000,n,130.000,15,30,0,,X,25.000,12.885,AA+,AA+,无担保,,,,shmb,,,113516,113516,1.7260,753323,754323,,N,N,28.630,buy,R,,0.75,N,1803070253.0,1517793985.0,Y,5.42,12854.39,2.85%,00,buy,buy,buy,14:59:45,100.93,21.13%,2.537,-3.00%,-3.91%,122.260,122.260,2.68%,5183.13,Y,0,0,,-,,N,-,buy,-,24-08-01,143.39,6.98,-,15.7%,13.2%,"转债占流动市值比：15.7%
转债占总市值比：13.2%",0.00,603323,sh113516,有效期：-；质押代码：113516,113516；2019-02-11 开始转股,全价：122.260 最后更新：14:59:45
123098,一品转债,sz300723,一品红,C,25.48,2021-08-25,2021-08-03,2027-01-27,2025-01-27,,,100.000,y,55.67,30,30,0,0.00,,,1.14,118.000,n,130.000,15,30,0,,N,4.800,4.236,AA-,AA-,无担保,,,,szcy,2022年1月5日公告：本次（2021年11月24日至2021年1月5日）不提前赎回，至2022年7月5日均不提前赎回,,123098,123098,3.0423,380723,370723,,N,N,85.150,buy,,,5.28,N,288034274.0,124345043.0,Y,32.04,10228.32,-3.55%,00,buy,buy,buy,15:14:03,125.75,21.24%,5.027,-4.10%,-4.85%,152.450,152.450,-0.62%,736.54,Y,0,0,G,-,,N,-,buy,-,27-01-27,173.69,33.12,17.84,10.6%,4.6%,"转债占流动市值比：10.6%
转债占总市值比：4.6%",0.00,300723,sz123098,有效期：-；质押代码：123098,123098；2021-08-03 开始转股,全价：152.450 最后更新：15:14:03
110047,山鹰转债,sh600567,山鹰国际,C,3.30,2021-07-05,2019-05-27,2024-11-21,2022-11-21,,,100.000,y,70.43,30,30,0,0.00,,,0.38,113.000,n,130.000,15,30,0,,X,23.000,22.455,AA+,AA+,无担保,,,,shmb,,,110047,110047,0.5030,704567,733567,,N,N,14.080,buy,R,,0.91,N,4616166707.0,4616166707.0,Y,3.28,10593.13,-0.61%,00,buy,buy,buy,14:58:34,99.39,21.30%,2.844,-1.22%,-2.22%,120.560,120.560,0.18%,1024.49,Y,0,0,,-,,N,-,buy,-,24-11-21,141.86,4.29,2.31,14.8%,14.8%,"转债占流动市值比：14.8%
转债占总市值比：14.8%",0.00,600567,sh110047,有效期：-；质押代码：110047,110047；2019-05-27 开始转股,全价：120.560 最后更新：14:58:34
113044,大秦转债,sh601006,大秦铁路,C,7.18,2021-07-08,2021-06-18,2026-12-13,2024-12-13,,,100.000,y,77.09,30,30,0,0.72,2022-01-19,2022-01-19,0.66,108.000,n,120.000,15,30,0,,X,320.000,319.992,AAA,AAA,无担保,,,,shmb,,,113044,113044,2.1520,764006,783006,,N,N,72.460,buy,R,,0.78,N,14866908025.0,14866908025.0,Y,6.52,28026.29,1.24%,00,buy,buy,buy,14:59:48,90.81,21.48%,4.904,0.67%,0.15%,110.310,110.310,0.52%,23291.98,Y,0,0,,-,,N,-,buy,-,26-12-13,131.79,8.62,5.03,33.0%,33.0%,"转债占流动市值比：33.0%
转债占总市值比：33.0%",0.00,601006,sh113044,有效期：2022-01-19 到 2022-01-19；质押代码：113044,113044；2021-06-18 开始转股,全价：110.310 最后更新：14:59:48
123082,北陆转债,sz300016,北陆药业,C,8.81,2021-06-29,2021-06-11,2026-12-06,2024-12-06,,,100.000,y,68.37,30,30,0,0.00,,,5.72,115.000,n,130.000,15,30,0,,X,5.000,4.993,A+,A+,无担保,,,,szcy,,,123082,123082,1.0111,380016,370016,,N,N,71.430,buy,,,2.40,N,492717587.0,406759212.0,Y,9.02,18586.04,-4.75%,00,buy,buy,buy,15:14:03,102.38,21.53%,4.885,-0.55%,-1.28%,124.422,124.422,-0.22%,3545.14,Y,1,1,,-,,N,-,buy,-,26-12-06,145.95,11.45,6.17,13.6%,11.2%,"转债占流动市值比：13.6%
转债占总市值比：11.2%",0.00,300016,sz123082,有效期：-；质押代码：123082,123082；2021-06-11 开始转股,全价：124.422 最后更新：15:14:03
113527,维格转债,sh603518,锦泓集团,C,9.85,2020-08-05,2019-07-30,2025-01-23,2023-01-23,,,100.000,y,61.40,30,30,0,0.00,,,10.70,115.000,n,130.000,15,30,1,,X,7.460,2.864,AA,AA,无担保,,,,shmb,,,113527,113527,4.1310,753518,754518,,N,N,4.910,buy,,,1.34,N,296628771.0,296628771.0,Y,11.23,5837.44,-1.32%,00,buy,buy,buy,14:59:47,114.01,21.65%,3.016,-4.92%,-5.96%,138.690,138.690,-0.94%,4255.48,Y,1,1,,-,,N,-,buy,-,25-01-23,160.34,12.80,6.89,8.6%,8.6%,"转债占流动市值比：8.6%
转债占总市值比：8.6%",0.00,603518,sh113527,有效期：-；质押代码：113527,113527；2019-07-30 开始转股,全价：138.690 最后更新：14:59:47
128090,汽模转2,sz002510,天汽模,C,4.23,2021-06-30,2020-07-03,2025-12-27,2023-12-27,,,100.000,y,65.51,30,30,0,0.00,,,5.39,110.000,n,130.000,15,30,0,,X,4.710,3.100,AA-,AA-,无担保,,,,szmb,,,128090,128090,0.5114,082510,072510,,N,N,41.350,buy,,,2.03,N,941616619.0,931317168.0,Y,4.52,16235.71,-3.21%,00,buy,buy,buy,15:14:03,106.86,21.83%,3.942,-3.30%,-3.92%,130.178,130.178,-0.91%,2180.12,Y,0,0,,-,,N,-,buy,-,25-12-27,152.01,5.50,2.96,7.4%,7.3%,"转债占流动市值比：7.4%
转债占总市值比：7.3%",0.00,002510,sz128090,有效期：-；质押代码：128090,128090；2020-07-03 开始转股,全价：130.178 最后更新：15:14:03
110057,现代转债,sh600420,国药现代,C,9.79,2021-06-25,2019-10-08,2025-03-31,2023-04-01,,,100.000,y,69.93,30,30,0,0.82,2022-01-19,2022-01-19,2.65,106.000,n,130.000,15,30,0,,X,16.160,16.157,AAA,AAA,无担保,,,,shmb,,,110057,110057,1.5290,704420,733420,,N,N,32.790,buy,,,1.16,N,1026964555.0,1026964555.0,Y,9.80,16560.63,-3.73%,00,buy,buy,buy,14:59:40,100.10,21.87%,3.200,-3.17%,-3.73%,121.990,121.990,-0.28%,5223.35,Y,0,0,,-,,N,-,buy,-,25-03-31,143.86,12.73,6.85,16.1%,16.1%,"转债占流动市值比：16.1%
转债占总市值比：16.1%",0.00,600420,sh110057,有效期：2022-01-19 到 2022-01-19；质押代码：110057,110057；2019-10-08 开始转股,全价：121.990 最后更新：14:59:40
110064,建工转债,sh600939,重庆建工,C,4.53,2021-07-22,2020-06-29,2025-12-19,2023-12-19,,,100.000,y,70.15,30,30,0,0.00,,,9.52,113.000,n,130.000,15,30,0,,X,16.600,16.598,AA+,AA+,无担保,,,,shmb,,,110064,110064,0.9140,704939,733939,,N,N,31.520,buy,,,0.79,Y,1814549279.0,1814549279.0,Y,4.52,22617.90,7.36%,00,buy,buy,buy,14:59:57,99.78,21.93%,3.921,-0.53%,-1.37%,121.660,121.660,3.43%,19083.12,Y,0,0,,-,,N,-,buy,-,25-12-19,143.59,5.89,3.17,20.2%,20.2%,"转债占流动市值比：20.2%
转债占总市值比：20.2%",0.00,600939,sh110064,有效期：-；质押代码：110064,110064；2020-06-29 开始转股,全价：121.660 最后更新：14:59:57
123048,应急转债,sz300527,中船应急,C,8.88,2021-07-21,2020-10-16,2026-04-09,2024-04-09,,,100.000,y,60.82,30,30,0,0.00,,,8.18,108.000,n,130.000,15,30,0,,X,8.190,3.792,AA+,AA+,无担保,,,,szcy,,,123048,123048,0.8961,380527,370527,,N,N,13.090,buy,R,,3.60,N,963211158.0,963205358.0,Y,10.22,26959.35,-3.58%,00,buy,buy,buy,15:14:03,115.09,21.95%,4.225,-5.14%,-5.64%,140.348,140.348,-1.30%,4388.95,Y,0,0,,-,,N,-,buy,-,26-04-09,162.30,11.54,6.22,3.9%,3.9%,"转债占流动市值比：3.9%
转债占总市值比：3.9%",0.00,300527,sz123048,有效期：-；质押代码：123048,123048；2020-10-16 开始转股,全价：140.348 最后更新：15:14:03
127038,国微转债,sz002049,紫光国微,C,137.78,,2021-12-17,2027-06-09,2025-06-09,,,100.000,y,43.63,30,30,0,0.00,,,1.91,110.000,n,130.000,15,30,0,,N,15.000,14.948,AA+,AA+,无,,,,szmb,2022年1月8日公告：本次（2021年12月17日至2022年1月7日）不提前赎回，至 2022年7月7日均不提前赎回,,127038,127038,2.4719,082049,072049,,N,N,46.570,buy,R,,19.88,N,606837179.0,606837179.0,Y,221.06,95927.72,0.34%,00,buy,buy,buy,15:14:03,160.44,22.16%,5.392,-9.61%,-10.02%,196.000,196.000,-0.08%,5620.25,Y,0,0,G,-,,N,-,buy,-,27-06-09,218.16,179.11,96.45,1.1%,1.1%,"转债占流动市值比：1.1%
转债占总市值比：1.1%",0.00,002049,sz127038,有效期：-；质押代码：127038,127038；2021-12-17 开始转股,全价：196.000 最后更新：15:14:03
110074,精达转债,sh600577,精达股份,C,3.73,2021-04-26,2021-02-25,2026-08-18,2024-08-19,,,100.000,y,34.81,30,30,0,0.00,,,17.71,112.000,n,130.000,15,30,0,,N,7.870,5.099,AA,AA,无担保,,,,shmb,2022年1月7日公告：本次（2021年12月16日至2022年1月6日）不提前赎回，至 2022年7月6日均不提前赎回,,110074,110074,0.4090,704577,733577,,N,N,62.152,buy,R,,3.40,N,1995704423.0,1995704423.0,Y,7.50,40760.07,-5.18%,00,buy,buy,buy,14:59:58,201.07,22.39%,4.584,-15.21%,-15.72%,246.100,246.100,-4.46%,22565.37,Y,0,0,G,-,,N,-,buy,-,26-08-18,268.49,4.85,2.61,3.4%,3.4%,"转债占流动市值比：3.4%
转债占总市值比：3.4%",0.00,600577,sh110074,有效期：-；质押代码：110074,110074；2021-02-25 开始转股,全价：246.100 最后更新：14:59:58
127049,希望转2,sz000876,新希望,C,14.45,,2022-05-09,2027-11-01,2025-11-03,,,100.000,y,60.90,30,30,0,0.89,2022-01-19,2022-01-19,0.81,107.000,n,130.000,15,30,0,,X,81.500,81.500,AAA,AAA,无,,,,szmb,,,未到转股期,127049,1.8400,080876,070876,,N,N,72.271,-,R,,2.17,N,4505211342.0,4325422589.0,Y,16.61,108499.85,0.24%,00,buy,buy,buy,15:14:03,114.95,22.42%,5.789,-4.04%,-4.37%,140.725,140.725,0.16%,9351.25,Y,0,0,,-,,N,-,buy,-,27-11-01,163.14,18.79,10.12,11.3%,10.9%,"转债占流动市值比：11.3%
转债占总市值比：10.9%",0.00,000876,sz127049,有效期：2022-01-19 到 2022-01-19；质押代码：127049,未到转股期；2022-05-09 开始转股,全价：140.725 最后更新：15:14:03
113565,宏辉转债,sh603336,宏辉果蔬,C,7.64,2021-05-17,2020-09-03,2026-02-25,2024-02-26,,,100.000,y,66.60,30,30,0,0.00,,,52.86,112.000,n,130.000,15,30,0,,X,3.320,2.253,AA-,AA-,公司实际控制人担保,,,,shmb,,,113565,113565,1.4730,753336,754336,,N,N,80.610,buy,,,3.26,N,438679917.0,438679917.0,Y,8.03,20495.72,-5.86%,00,buy,buy,buy,14:59:58,105.10,22.52%,4.107,-2.20%,-2.93%,128.770,128.770,-3.16%,15417.46,Y,0,0,,-,,N,-,buy,-,26-02-25,151.29,9.93,5.35,6.4%,6.4%,"转债占流动市值比：6.4%
转债占总市值比：6.4%",0.00,603336,sh113565,有效期：-；质押代码：113565,113565；2020-09-03 开始转股,全价：128.770 最后更新：14:59:58
123014,凯发转债,sz300407,凯发电气,C,8.05,2021-06-03,2019-02-11,2023-07-27,2021-07-27,,,100.000,y,62.68,30,30,0,0.00,,,3.64,106.000,n,130.000,15,30,0,,X,3.499,1.161,A+,A+,无担保,,,,szcy,,,123014,123014,1.2659,380407,370407,,N,N,45.880,buy,,,1.94,N,305096381.0,210891547.0,Y,8.99,3071.93,-2.49%,00,buy,buy,buy,15:14:03,111.68,22.73%,1.521,-14.88%,-15.64%,137.061,137.061,-0.25%,579.50,Y,0,0,,-,,N,-,buy,-,23-07-27,159.79,10.46,5.63,6.1%,4.2%,"转债占流动市值比：6.1%
转债占总市值比：4.2%",0.00,300407,sz123014,有效期：-；质押代码：123014,123014；2019-02-11 开始转股,全价：137.061 最后更新：15:14:03
128044,岭南转债,sz002717,岭南股份,C,3.43,2021-12-01,2019-02-20,2024-08-14,2022-08-14,,,100.000,y,70.41,30,30,0,0.00,,,6.61,107.000,n,130.000,15,30,0,,X,6.600,6.589,AA-,AA-,无担保,,,,szmb,,,128044,128044,0.6542,082717,072717,,N,N,40.500,buy,,,1.18,N,1684418292.0,1125742527.0,Y,3.41,27665.60,-4.48%,00,buy,buy,buy,15:14:03,99.42,22.78%,2.573,-3.92%,-4.62%,122.063,122.063,-1.24%,5389.34,Y,2,2,,-,,N,-,buy,-,24-08-14,144.84,4.46,2.40,17.2%,11.5%,"转债占流动市值比：17.2%
转债占总市值比：11.5%",0.00,002717,sz128044,有效期：-；质押代码：128044,128044；2019-02-20 开始转股,全价：122.063 最后更新：15:14:03
113616,韦尔转债,sh603501,韦尔股份,C,222.52,2021-06-30,2021-07-05,2026-12-27,2024-12-27,,,100.000,y,52.57,30,30,0,0.00,,,2.82,110.000,n,130.000,15,30,0,,N,24.400,24.339,AA+,AA+,无,,,,shmb,2021年7月24日公告：本次（2021年7月5日至2021年7月23日）不行使韦尔转债的提前赎回权利，至2022年1月22日均不提前赎回,,113616,113616,2.8120,753501,754501,,N,N,74.370,buy,R,,17.62,N,875724555.0,790025373.0,Y,296.29,126296.13,1.96%,00,buy,buy,buy,14:59:55,133.15,22.79%,4.942,-7.08%,-7.54%,163.500,163.500,0.31%,11240.74,Y,0,0,G,-,,N,-,buy,-,26-12-27,186.29,289.28,155.76,1.0%,0.9%,"转债占流动市值比：1.0%
转债占总市值比：0.9%",0.00,603501,sh113616,有效期：-；质押代码：113616,113616；2021-07-05 开始转股,全价：163.500 最后更新：14:59:55
123025,精测转债,sz300567,精测电子,C,49.37,2021-05-28,2019-10-08,2025-03-28,2023-03-29,,,100.000,y,55.15,30,30,0,0.00,,,6.97,112.000,n,130.000,15,30,2,,X,3.750,3.087,AA-,AA-,无担保,,,,szcy,,,123025,123025,2.2919,380567,370567,,N,N,62.670,buy,R,,5.30,N,278143947.0,201520612.0,Y,62.66,23427.65,-0.37%,00,buy,buy,buy,15:14:03,126.92,22.80%,3.192,-8.88%,-9.68%,155.852,155.852,-1.73%,3400.08,Y,0,0,,-,,N,-,buy,-,25-03-28,178.65,64.18,34.56,2.4%,1.8%,"转债占流动市值比：2.4%
转债占总市值比：1.8%",0.00,300567,sz123025,有效期：-；质押代码：123025,123025；2019-10-08 开始转股,全价：155.852 最后更新：15:14:03
127047,帝欧转债,sz002798,帝欧家居,C,13.53,,2022-04-29,2027-10-25,2025-10-27,,,100.000,y,64.25,30,30,0,0.00,,,1.25,115.000,n,130.000,15,30,0,,X,15.000,15.000,AA-,AA-,无担保,,,,szmb,,,未到转股期,127047,3.8770,082798,072798,,N,N,49.880,-,,,1.25,N,386893064.0,222617840.0,Y,14.74,12426.36,1.45%,00,buy,buy,buy,15:14:03,108.94,22.81%,5.770,-1.84%,-2.43%,133.790,133.790,0.97%,2493.09,Y,0,0,,-,,N,-,buy,-,27-10-25,156.60,17.59,9.47,45.7%,26.3%,"转债占流动市值比：45.7%
转债占总市值比：26.3%",0.00,002798,sz127047,有效期：-；质押代码：127047,未到转股期；2022-04-29 开始转股,全价：133.790 最后更新：15:14:03
127003,海印转债,sz000861,海印股份,C,2.99,2021-07-21,2016-12-16,2022-06-08,2020-06-08,,,100.000,y,72.93,30,30,0,0.36,2022-01-19,2022-01-19,2.44,110.000,n,130.000,15,30,0,,X,11.110,6.736,AA,AA,广州海印实业集团有限公司责任人担保,,,,szmb,,,127003,127003,0.4938,080861,070861,4,N,N,,buy,R,,1.76,N,2325574211.0,2184526848.0,Y,2.87,11873.46,-2.38%,00,buy,buy,buy,15:14:03,95.99,22.83%,0.386,-17.36%,-21.75%,117.900,117.900,-0.34%,1944.43,Y,2,2,,-,,N,-,buy,-,22-06-08,140.73,3.89,2.09,10.7%,10.1%,"转债占流动市值比：10.7%
转债占总市值比：10.1%",0.00,000861,sz127003,有效期：2022-01-19 到 2022-01-19；质押代码：127003,127003；2016-12-16 开始转股,全价：117.900 最后更新：15:14:03
128144,利民转债,sz002734,利民股份,C,11.50,2021-09-07,2021-09-06,2027-02-28,2025-02-28,,,100.000,y,60.75,30,30,0,0.00,,,1.72,110.000,n,130.000,15,30,0,,X,9.800,9.795,AA,AA,无,,,,szmb,,,128144,128144,2.6306,082734,072734,,N,N,33.124,buy,,,1.82,N,372560656.0,325293528.0,Y,13.25,5679.80,-0.53%,00,buy,buy,buy,15:14:03,115.22,22.90%,5.115,-4.20%,-4.66%,141.600,141.600,-0.98%,2384.74,Y,1,1,,-,,N,-,buy,-,27-02-28,164.50,14.95,8.05,22.7%,19.8%,"转债占流动市值比：22.7%
转债占总市值比：19.8%",0.00,002734,sz128144,有效期：-；质押代码：128144,128144；2021-09-06 开始转股,全价：141.600 最后更新：15:14:03
123129,锦鸡转债,sz300798,锦鸡股份,C,9.53,,2022-05-10,2027-11-03,2025-11-03,,,100.000,y,59.07,30,30,0,0.00,,,1.88,112.000,n,120.000,20,30,0,,X,6.000,6.000,AA-,AA-,无,,,,szcy,,,未到转股期,123129,1.4362,380798,370798,,N,N,32.210,-,,,3.23,N,417748945.0,210221808.0,Y,9.68,3935.74,-4.35%,00,buy,buy,buy,15:14:03,101.57,22.96%,5.795,-1.02%,-1.55%,124.900,124.900,-2.57%,1418.60,Y,0,0,,-,,N,-,buy,-,27-11-03,147.86,11.44,5.72,29.5%,14.8%,"转债占流动市值比：29.5%
