bond_id,bond_nm,stock_id,stock_nm,btype,convert_price,convert_price_valid_from,convert_dt,maturity_dt,next_put_dt,put_dt,put_notes,put_price,put_inc_cpn_fl,put_convert_price_ratio,put_count_days,put_total_days,put_real_days,repo_discount_rt,repo_valid_from,repo_valid_to,turnover_rt,redeem_price,redeem_inc_cpn_fl,redeem_price_ratio,redeem_count_days,redeem_total_days,redeem_real_days,redeem_dt,redeem_flag,orig_iss_amt,curr_iss_amt,rating_cd,issuer_rating_cd,guarantor,ssc_dt,esc_dt,sc_notes,market_cd,force_redeem,real_force_redeem_price,convert_cd,repo_cd,ration,ration_cd,apply_cd,online_offline_ratio,qflag,qflag2,ration_rt,fund_rt,margin_flg,lt_bps,pb,pb_flag,total_shares,float_shares,sqflg,sprice,svolume,sincrease_rt,qstatus,bond_value,bond_value2,volatility_rate,last_time,convert_value,premium_rt,year_left,ytm_rt,ytm_rt_tax,price,full_price,increase_rt,volume,convert_price_valid,adj_scnt,adj_cnt,redeem_icon,ref_yield_info,adjust_tip,adjusted,option_tip,bond_value3,left_put_year,short_maturity_dt,dblow,force_redeem_price,put_convert_price,convert_amt_ratio,convert_amt_ratio2,convert_amt_ratio_tips,stock_net_value,stock_cd,pre_bond_id,repo_valid,convert_cd_tip,price_tips
113534,鼎胜转债,sh603876,鼎胜新材,C,15.18,2020-07-24,2019-10-16,2025-04-08,2023-04-10,,,100.000,y,24.14,30,30,0,0.00,,,169.80,110.000,n,130.000,15,30,30,,N,12.540,4.390,AA-,AA-,无担保,,,,shmb,2021年7月1日公告：本次（2021年5月19日至2021年6月30日）不提前赎回，至2021年9月30日均不提前赎回,,113534,113534,2.9160,753876,754876,,N,N,46.940,buy,,,4.77,N,483660730.0,483660730.0,Y,44.02,42100.09,-10.00%,00,buy,buy,buy,15:00:00,289.99,-8.99%,3.447,-21.86%,-22.38%,263.930,263.930,-30.74%,206460.47,Y,1,1,G,-,,N,-,buy,-,25-04-08,254.94,19.73,10.63,2.1%,2.1%,"转债占流动市值比：2.1%
转债占总市值比：2.1%",0.00,603876,sh113534,有效期：-；质押代码：113534,113534；2019-10-16 开始转股,全价：263.930 最后更新：15:00:00
113051,节能转债,sh601016,节能风电,C,4.05,,2021-12-27,2027-06-21,2025-06-20,,,100.000,y,38.00,30,30,0,0.00,,,23.97,110.000,n,130.000,15,30,0,,X,30.000,30.000,AA+,AA+,无担保,,,,shmb,,,未到转股期,113051,0.5980,764016,783016,,N,N,63.210,buy,R,,3.56,N,5013052000.0,4480441681.0,Y,7.46,351183.96,-4.73%,00,buy,buy,buy,14:59:59,184.20,-7.01%,5.649,-6.97%,-7.38%,171.280,171.280,-2.52%,125246.07,Y,0,0,,-,,N,-,buy,-,27-06-21,164.27,5.26,2.83,9.0%,8.0%,"转债占流动市值比：9.0%
转债占总市值比：8.0%",0.00,601016,sh113051,有效期：-；质押代码：113051,未到转股期；2021-12-27 开始转股,全价：171.280 最后更新：14:59:59
113048,晶科转债,sh601778,晶科科技,C,5.46,2021-10-27,2021-10-29,2027-04-22,2025-04-22,,,100.000,y,38.76,30,30,0,0.00,,,54.12,112.000,n,130.000,15,30,0,,X,30.000,30.000,AA,AA,无,,,,shmb,,,113048,113048,1.0840,764778,783778,,N,N,37.350,buy,,,2.34,N,2765501922.0,1741192922.0,Y,9.86,128325.36,4.12%,00,buy,buy,buy,14:59:59,180.59,-6.95%,5.485,-6.47%,-6.96%,168.030,168.030,2.49%,275330.95,Y,1,1,,-,,N,-,buy,-,27-04-22,161.08,7.10,3.82,17.5%,11.0%,"转债占流动市值比：17.5%
转债占总市值比：11.0%",0.00,601778,sh113048,有效期：-；质押代码：113048,113048；2021-10-29 开始转股,全价：168.030 最后更新：14:59:59
127043,川恒转债,sz002895,川恒股份,C,21.02,,2022-02-18,2027-08-11,2025-08-11,,,100.000,y,36.65,30,30,0,0.00,,,16.78,115.000,n,130.000,15,30,0,,X,11.600,11.600,AA-,AA-,无担保,,,,szmb,,,未到转股期,127043,2.3749,082895,072895,,N,N,59.730,-,,,5.80,N,488423000.0,483212500.0,Y,40.15,50267.31,-4.50%,00,buy,buy,buy,15:14:03,191.01,-4.61%,5.789,-6.94%,-7.49%,182.200,182.200,-4.61%,36084.66,Y,0,0,,-,,N,-,buy,-,27-08-11,177.59,27.33,14.71,6.0%,5.9%,"转债占流动市值比：6.0%
转债占总市值比：5.9%",0.00,002895,sz127043,有效期：-；质押代码：127043,未到转股期；2022-02-18 开始转股,全价：182.200 最后更新：15:14:03
110048,福能转债,sh600483,福能股份,C,7.85,2021-07-28,2019-06-13,2024-12-06,2022-12-07,,,100.000,y,29.91,30,30,0,0.00,,,73.94,109.000,n,130.000,15,30,30,,N,28.300,14.484,AA+,AA+,无担保,,,,shmb,2021年7月7日公告：本次（2021年6月9日至2021年7月6日）不行使福能转债的提前赎回权利，至2021年10月6日均不提前赎回,,110048,110048,1.8230,704483,733483,,N,N,32.130,buy,R,,2.10,N,1912840657.0,1708932154.0,Y,18.37,120549.91,5.57%,00,buy,buy,buy,14:59:59,234.01,-3.81%,3.110,-20.13%,-20.68%,225.100,225.100,4.41%,238093.86,Y,0,0,G,-,,N,-,buy,-,24-12-06,221.29,10.21,5.50,4.6%,4.1%,"转债占流动市值比：4.6%
转债占总市值比：4.1%",0.00,600483,sh110048,有效期：-；质押代码：110048,110048；2019-06-13 开始转股,全价：225.100 最后更新：14:59:59
113603,东缆转债,sh603606,东方电缆,C,23.65,2021-05-27,2021-03-30,2026-09-23,2024-09-23,,,100.000,y,38.61,30,30,0,0.00,,,191.45,110.000,n,130.000,15,30,15,,X,8.000,7.882,AA,AA,无担保,,,,shmb,,,113603,113603,1.2230,753606,754606,,N,N,72.364,buy,R,,7.13,N,654111982.0,654111982.0,Y,42.88,240324.80,8.92%,00,buy,buy,buy,15:00:00,181.31,-3.00%,4.907,-8.45%,-8.92%,175.880,175.880,5.65%,264078.14,Y,0,0,B,-,,N,-,buy,-,26-09-23,172.88,30.75,16.55,2.8%,2.8%,"转债占流动市值比：2.8%
转债占总市值比：2.8%",0.00,603606,sh113603,有效期：-；质押代码：113603,113603；2021-03-30 开始转股,全价：175.880 最后更新：15:00:00
110082,宏发转债,sh600885,宏发股份,C,72.28,,2022-05-03,2027-10-27,2025-10-27,,,100.000,y,69.07,30,30,0,0.00,,,,112.000,n,130.000,15,30,0,,X,20.000,20.000,AA,AA,无,,,,shmb,,,未到转股期,110082,0.2700,704885,733885,,N,N,,-,R,,9.44,N,744761552.0,744761552.0,Y,73.25,64886.05,0.73%,00,buy,buy,buy,,101.34,-1.32%,5.997,2.71%,2.19%,100.000,100.000,0.00%,0.00,Y,0,0,,-,,N,-,buy,-,27-10-27,98.68,93.96,50.60,3.7%,3.7%,"转债占流动市值比：3.7%
转债占总市值比：3.7%",0.00,600885,sh110082,有效期：-；质押代码：110082,未到转股期；2022-05-03 开始转股,待上市
127042,嘉美转债,sz002969,嘉美包装,C,4.87,,2022-02-14,2027-08-09,2025-08-11,,,100.000,y,55.07,30,30,0,0.00,,,26.04,112.000,n,130.000,15,30,0,,X,7.500,7.500,AA,AA,无,,,,szmb,,,未到转股期,127042,0.7809,082969,072969,,N,N,8.550,-,,,2.75,N,960333535.0,444176962.0,Y,6.19,14501.91,2.82%,00,buy,buy,buy,15:14:03,127.10,-0.71%,5.784,-1.31%,-1.81%,126.200,126.200,1.90%,24648.23,Y,0,0,,-,,N,-,buy,-,27-08-09,125.49,6.33,3.41,27.3%,12.6%,"转债占流动市值比：27.3%
转债占总市值比：12.6%",0.00,002969,sz127042,有效期：-；质押代码：127042,未到转股期；2022-02-14 开始转股,全价：126.200 最后更新：15:14:03
128128,齐翔转2,sz002408,齐翔腾达,C,5.69,2021-09-29,2021-02-26,2026-08-19,2024-08-19,,,100.000,y,34.54,30,30,0,0.00,,,17.92,110.000,n,130.000,15,30,30,,N,29.900,8.188,AA,AA,无担保,,,,szmb,2021年8月7日公告，本次（2021年7月16日起至2021年8月5日）不行使提前赎回权利，至2021年12月31日公司均不提前赎回,,128128,128128,1.7102,082408,072408,,N,N,76.460,buy,R,,2.77,N,2808787944.0,2738941336.0,Y,11.53,103922.47,-7.39%,00,buy,buy,buy,15:14:03,202.64,-0.71%,4.811,-11.15%,-11.61%,201.200,201.200,-7.36%,30353.74,Y,0,0,G,-,,N,-,buy,-,26-08-19,200.49,7.40,3.98,2.6%,2.5%,"转债占流动市值比：2.6%
转债占总市值比：2.5%",0.00,002408,sz128128,有效期：-；质押代码：128128,128128；2021-02-26 开始转股,全价：201.200 最后更新：15:14:03
123067,斯莱转债,sz300382,斯莱克,C,9.36,2021-06-30,2021-03-23,2026-09-16,2024-09-16,,,100.000,y,22.83,30,30,0,0.00,,,25.87,115.000,n,130.000,15,30,30,,N,3.880,2.456,AA-,AA-,无担保,,,,szcy,2021年8月24日公告：本次（2021年2月24日至2021年8月23日）不行使提前赎回权利，至2021年11月24日均不提前赎回,,123067,123067,0.6940,380382,370382,,N,N,19.960,buy,,,13.83,N,573805707.0,573747882.0,Y,28.70,20031.33,-3.04%,00,buy,buy,buy,15:14:03,306.62,-0.68%,4.888,-17.49%,-18.04%,304.547,304.547,-3.04%,19515.34,Y,0,0,G,-,,N,-,buy,-,26-09-16,303.87,12.17,6.55,1.5%,1.5%,"转债占流动市值比：1.5%
转债占总市值比：1.5%",0.00,300382,sz123067,有效期：-；质押代码：123067,123067；2021-03-23 开始转股,全价：304.547 最后更新：15:14:03
110041,蒙电转债,sh600863,内蒙华电,C,2.56,2021-06-25,2018-06-28,2023-12-21,2021-12-21,,,100.000,y,48.96,30,30,0,0.98,2021-10-29,2021-10-29,174.95,106.000,n,130.000,15,30,30,2021-11-04,Y,18.752,2.295,AAA,AAA,无担保,,,,shmb,"最后交易日：2021年11月4日
最后交易日：2021年11月4日
赎回价：101.307元/张",101.307,110041,110041,0.3220,704863,733863,,N,N,3.720,buy,R,,1.63,Y,6408091844.0,6408091844.0,Y,3.66,111777.35,-7.58%,00,buy,buy,buy,14:59:56,142.97,-0.61%,2.148,-11.70%,-12.38%,142.090,142.090,-7.08%,59778.75,Y,0,0,R,-,,N,-,buy,-,23-12-21,141.48,3.33,1.79,1.0%,1.0%,"转债占流动市值比：1.0%
转债占总市值比：1.0%",0.00,600863,sh110041,有效期：2021-10-29 到 2021-10-29；质押代码：110041,110041；2018-06-28 开始转股,全价：142.090 最后更新：14:59:56
128050,钧达转债,sz002865,钧达股份,C,14.80,2021-05-26,2019-06-14,2024-12-10,2022-12-10,,,100.000,y,31.06,30,30,0,0.00,,,271.96,118.000,n,130.000,15,30,30,,N,3.200,0.881,AA-,AA-,中汽塑料,,,,szmb,2021年3月20日公告：本次（2021年2月22日至2021年3月19日）不行使钧达转债的提前赎回权利，至2021年6月18日均不提前赎回,,128050,128050,2.6298,082865,072865,,N,N,17.350,buy,,,4.25,N,134816890.0,131008540.0,Y,33.35,10803.73,1.55%,00,buy,buy,buy,15:14:03,225.34,-0.55%,3.121,-17.85%,-18.80%,224.098,224.098,1.25%,54152.59,Y,1,1,G,-,,N,-,buy,-,24-12-10,223.55,19.24,10.36,2.0%,2.0%,"转债占流动市值比：2.0%
转债占总市值比：2.0%",0.00,002865,sz128050,有效期：-；质押代码：128050,128050；2019-06-14 开始转股,全价：224.098 最后更新：15:14:03
118000,嘉元转债,sh688388,嘉元科技,C,78.74,2021-05-06,2021-09-01,2027-02-22,2025-02-24,,,100.000,y,31.99,30,30,0,0.00,,,31.28,115.000,n,130.000,15,30,30,,N,12.400,10.364,AA-,AA-,无,,,,shkc,2021年9月24日公告：本次（2021年9月1日至2021年9月23日）不提前赎回，至2021年12月24日均不提前赎回,,118000,118000,5.3700,726388,718388,,N,N,70.922,buy,R,,12.49,N,231006059.0,167681659.0,Y,172.30,90520.50,-4.97%,00,buy,buy,buy,14:59:59,218.82,-0.52%,5.323,-10.62%,-11.19%,217.690,217.690,-4.90%,71007.84,Y,0,0,G,-,,N,-,buy,-,27-02-22,217.17,102.36,55.12,3.6%,2.6%,"转债占流动市值比：3.6%
转债占总市值比：2.6%",0.00,688388,sh118000,有效期：-；质押代码：118000,118000；2021-09-01 开始转股,全价：217.690 最后更新：14:59:59
123083,朗新转债,sz300682,朗新科技,C,15.40,2021-09-17,2021-06-15,2026-12-08,2024-12-09,,,100.000,y,37.11,30,30,0,0.00,,,20.50,110.000,n,130.000,15,30,30,,N,8.000,6.784,AA,AA,无担保,,,,szcy,2021年10月22日公告：本次（2021年9月27日至2021年10月22日）不行使提前赎回权利，不提前赎回,,123083,123083,0.7833,380682,370682,,N,N,77.260,buy,,,5.57,N,1031953050.0,717930617.0,Y,29.05,18561.97,-1.09%,00,buy,buy,buy,15:14:03,188.64,-0.50%,5.115,-9.27%,-9.71%,187.689,187.689,-0.44%,26000.07,Y,0,0,G,-,,N,-,buy,-,26-12-08,187.19,20.02,10.78,3.3%,2.3%,"转债占流动市值比：3.3%
转债占总市值比：2.3%",0.00,300682,sz123083,有效期：-；质押代码：123083,123083；2021-06-15 开始转股,全价：187.689 最后更新：15:14:03
123069,金诺转债,sz300505,川金诺,C,19.09,2021-07-14,2021-04-22,2026-10-15,2024-10-15,,,100.000,y,34.24,30,30,0,0.00,,,240.83,120.000,n,130.000,15,30,30,2021-11-05,Y,3.680,1.295,AA-,AA-,无担保,,,,szcy,"最后交易日：2021年11月5日
最后赎回日：2021年11月5日
赎回价：100.04元/张",100.040,123069,123069,2.8159,380505,370505,,N,N,76.337,buy,,,4.33,N,138158261.0,96551526.0,Y,39.03,57483.60,-7.45%,00,buy,buy,buy,15:14:03,204.45,-0.37%,4.967,-9.42%,-10.16%,203.700,203.700,-7.81%,66622.52,Y,0,0,R,-,,N,-,buy,-,26-10-15,203.33,24.82,13.36,3.4%,2.4%,"转债占流动市值比：3.4%
转债占总市值比：2.4%",0.00,300505,sz123069,有效期：-；质押代码：123069,123069；2021-04-22 开始转股,全价：203.700 最后更新：15:14:03
113528,长城转债,sh603897,长城科技,C,22.35,2021-10-15,2019-09-09,2025-03-01,2023-03-01,,,100.000,y,30.38,30,30,0,0.00,,,60.10,112.000,n,130.000,15,30,30,,N,6.340,4.631,AA-,AA-,无担保,,,,shmb,2021年8月20日公告：本次（2021年8月2日至2021年8月20日）不行使提前赎回权利，至2021年11月20日均不提前赎回,,113528,113528,3.5530,753897,754897,,N,N,53.900,buy,,,4.31,N,183413673.0,183413673.0,Y,51.50,27322.85,-2.22%,00,buy,buy,buy,14:59:58,230.43,-0.22%,3.342,-18.65%,-19.31%,229.920,229.920,-2.34%,65671.55,Y,0,0,G,-,,N,-,buy,-,25-03-01,229.70,29.05,15.64,4.9%,4.9%,"转债占流动市值比：4.9%
转债占总市值比：4.9%",0.00,603897,sh113528,有效期：-；质押代码：113528,113528；2019-09-09 开始转股,全价：229.920 最后更新：14:59:58
128093,百川转债,sz002455,百川股份,C,5.77,2021-05-27,2020-07-09,2026-01-03,2024-01-03,,,100.000,y,23.46,30,30,0,0.00,,,131.51,120.000,n,130.000,20,30,30,,N,5.200,1.618,AA-,AA-,自有资产抵押担保,,,,szmb,2021年10月11日公告：本次（2021年9月16日至2021年10月22日）不行使提前赎回权利，至2021年12月31日均不提前赎回,,128093,128093,1.0314,082455,072455,,N,N,19.690,buy,,,5.40,N,565866485.0,450581508.0,Y,17.22,96495.35,-6.97%,00,buy,buy,buy,15:14:03,298.44,-0.21%,4.186,-18.49%,-19.34%,297.800,297.800,-7.08%,65404.86,Y,0,0,G,-,,N,-,buy,-,26-01-03,297.59,7.50,4.04,2.1%,1.7%,"转债占流动市值比：2.1%
转债占总市值比：1.7%",0.00,002455,sz128093,有效期：-；质押代码：128093,128093；2020-07-09 开始转股,全价：297.800 最后更新：15:14:03
128057,博彦转债,sz002649,博彦科技,C,8.50,2021-04-22,2019-09-11,2025-03-05,2023-03-05,,,100.000,y,52.33,30,30,0,0.00,,,24.59,112.000,n,130.000,15,30,13,,X,5.758,4.650,AA-,AA-,无担保,,,,szmb,,,128057,128057,1.0957,082649,072649,,N,N,16.060,buy,,,1.87,N,534870253.0,471293859.0,Y,11.37,26668.99,1.52%,00,buy,buy,buy,15:14:03,133.76,-0.20%,3.353,-4.11%,-4.92%,133.500,133.500,1.31%,15213.31,Y,0,0,,-,,N,-,buy,-,25-03-05,133.30,11.05,5.95,8.7%,7.6%,"转债占流动市值比：8.7%
转债占总市值比：7.6%",0.00,002649,sz128057,有效期：-；质押代码：128057,128057；2019-09-11 开始转股,全价：133.500 最后更新：15:14:03
113525,台华转债,sh603055,台华新材,C,7.78,2021-05-28,2019-06-21,2024-12-16,2022-12-17,,,100.000,y,30.94,30,30,0,0.00,,,509.02,110.000,n,130.000,15,30,30,,N,5.330,1.897,AA,AA,无担保,,,,shmb,2021年9月7日公告：本次（2021年8月17日至2021年9月6日）不行使提前赎回权利，至2021年12月6日均不提前赎回,,113525,113525,0.9730,753055,754055,,N,N,29.060,buy,,,4.72,N,864890388.0,800687920.0,Y,17.60,24990.68,10.00%,00,buy,buy,buy,14:59:57,226.22,-0.16%,3.137,-19.83%,-20.42%,225.850,225.850,10.28%,221380.68,Y,0,0,G,-,,N,-,buy,-,24-12-16,225.69,10.11,5.45,1.3%,1.2%,"转债占流动市值比：1.3%
转债占总市值比：1.2%",0.00,603055,sh113525,有效期：-；质押代码：113525,113525；2019-06-21 开始转股,全价：225.850 最后更新：14:59:57
128082,华锋转债,sz002806,华锋股份,C,9.13,2021-03-23,2020-06-10,2025-12-03,2023-12-04,,,100.000,y,45.68,30,30,0,0.00,,,64.10,115.000,n,130.000,15,30,30,,N,3.520,2.050,A,A,土地、房产、机器设备等资产抵 押和股份质押担保,,,,szmb,2021年8月31日公告：本次（2021年7月12日至2021年8月20日）不行使提前赎回权利，至2021年12月31日均不提前赎回,,128082,128082,1.9995,082806,072806,,N,N,5.530,buy,,,2.46,N,191479726.0,126094015.0,Y,13.99,14897.46,-5.02%,00,buy,buy,buy,15:14:03,153.23,-0.15%,4.101,-5.62%,-6.44%,153.000,153.000,-4.98%,20566.86,Y,2,2,G,-,,N,-,buy,-,25-12-03,152.85,11.87,6.39,11.6%,7.7%,"转债占流动市值比：11.6%
转债占总市值比：7.7%",0.00,002806,sz128082,有效期：-；质押代码：128082,128082；2020-06-10 开始转股,全价：153.000 最后更新：15:14:03
110033,国贸转债,sh600755,厦门国贸,C,6.72,2021-07-05,2016-07-05,2022-01-05,2020-01-05,,,100.000,y,65.24,30,30,0,0.73,2021-10-29,2021-10-29,16.40,108.000,n,130.000,15,30,10,2021-11-04,Y,28.000,1.683,AAA,AAA,无担保,,,,shmb,"最后交易日：2021年11月4日
最后转股日：2021年11月4日
赎回价：101.666元/张",101.666,110033,110033,1.6820,,,,N,N,,buy,R,,0.54,Y,2070269480.0,1990249618.0,Y,7.21,19859.31,-2.57%,00,buy,buy,buy,14:59:45,107.29,-0.13%,0.189,4.20%,-3.70%,107.150,107.150,-2.15%,2975.09,Y,1,1,R,-,,N,-,buy,-,22-01-05,107.02,8.74,4.70,1.2%,1.1%,"转债占流动市值比：1.2%
转债占总市值比：1.1%",0.00,600755,sh110033,有效期：2021-10-29 到 2021-10-29；质押代码：110033,110033；2016-07-05 开始转股,全价：107.150 最后更新：14:59:45
113504,艾华转债,sh603989,艾华集团,C,20.81,2021-06-24,2018-09-08,2024-03-02,2022-03-02,,,100.000,y,41.68,30,30,0,0.00,,,5.12,106.000,n,130.000,15,30,30,,N,6.910,4.774,AA,AA,无担保,,,,shmb,2021年10月14日公告：本次（2021年9月15日至2021年10月14日）不行使转债的提前赎回权利，不提前赎回,,113504,113504,2.3030,753989,754989,,N,N,82.470,buy,R,,4.95,N,399514386.0,399514386.0,Y,34.95,9118.48,-0.74%,00,buy,buy,buy,14:59:25,167.95,-0.06%,2.345,-16.97%,-17.53%,167.850,167.850,-0.51%,4122.36,Y,1,1,G,-,,N,-,buy,-,24-03-02,167.79,27.05,14.57,3.4%,3.4%,"转债占流动市值比：3.4%
转债占总市值比：3.4%",0.00,603989,sh113504,有效期：-；质押代码：113504,113504；2018-09-08 开始转股,全价：167.850 最后更新：14:59:25
123111,东财转3,sz300059,东方财富,C,23.35,2021-05-27,2021-10-13,2027-04-06,2025-04-07,,,100.000,y,50.60,30,30,0,0.00,,,4.88,107.000,n,130.000,15,30,12,,X,158.000,152.578,AA+,AA+,无,,,,szcy,,,123111,123111,1.8344,380059,370059,,N,N,71.340,buy,R,,8.14,N,10335763789.0,8533561416.0,Y,32.30,452929.61,-1.82%,00,buy,buy,buy,15:14:03,138.33,-0.06%,5.441,-4.08%,-4.41%,138.250,138.250,-1.67%,104069.16,Y,0,0,,-,,N,-,buy,-,27-04-06,138.19,30.36,16.34,5.5%,4.6%,"转债占流动市值比：5.5%
转债占总市值比：4.6%",0.00,300059,sz123111,有效期：-；质押代码：123111,123111；2021-10-13 开始转股,全价：138.250 最后更新：15:14:03
113039,嘉泽转债,sh601619,嘉泽新能,C,3.46,2021-06-11,2021-03-01,2026-08-23,2024-08-23,,,100.000,y,43.48,30,30,0,0.00,,,98.26,108.000,n,130.000,15,30,30,,N,13.000,2.991,AA,AA,无担保,,,,shmb,2021年9月15日公告：本次（2021年8月25日至2021年9月14日）不行使提前赎回权利，至2021年12月14日均不提前赎回,,113039,113039,0.6260,764619,783619,,N,N,76.530,buy,,,3.01,N,2418493612.0,2349523612.0,Y,5.57,44149.50,-3.63%,00,buy,buy,buy,14:59:57,160.98,0.00%,4.822,-7.22%,-7.65%,160.980,160.980,-3.16%,48092.76,Y,0,0,G,-,,N,-,buy,-,26-08-23,160.98,4.50,2.42,2.3%,2.2%,"转债占流动市值比：2.3%
转债占总市值比：2.2%",0.00,601619,sh113039,有效期：-；质押代码：113039,113039；2021-03-01 开始转股,全价：160.980 最后更新：14:59:57
128111,中矿转债,sz002738,中矿资源,C,15.42,2021-06-23,2020-12-17,2026-06-10,2024-06-10,,,100.000,y,17.81,30,30,0,0.00,,,90.66,118.000,n,130.000,15,30,30,,N,8.000,1.515,AA-,AA-,无担保,,,,szmb,2021年1月28日公告，本次（2020年12月17日至2021年1月28日）不行使提前赎回权利不提前赎回，至2022年1月28日前均不提前赎回,,128111,128111,2.8784,082738,072738,,N,N,70.254,buy,,,5.24,N,322803345.0,292986702.0,Y,60.60,103891.32,-2.93%,00,buy,buy,buy,15:14:03,393.00,0.00%,4.619,-22.39%,-23.01%,393.000,393.000,-3.91%,55677.87,Y,0,0,G,-,,N,-,buy,-,26-06-10,393.00,20.05,10.79,0.9%,0.8%,"转债占流动市值比：0.9%
转债占总市值比：0.8%",0.00,002738,sz128111,有效期：-；质押代码：128111,128111；2020-12-17 开始转股,全价：393.000 最后更新：15:14:03
132018,G三峡EB1,sh600900,长江电力,E,16.74,2021-07-16,2020-04-13,2024-04-09,2023-04-10,,,100.000,y,55.46,30,30,0,0.83,2021-10-29,2021-10-29,0.26,108.000,y,120.000,15,30,28,,X,200.000,161.342,AAA,AAA,长江电力A股股票及其孳息,,,,shmb,,,132018,132018,,,759001,,N,N,100.000,buy,R,,2.91,N,22741859230.0,22741859230.0,Y,21.13,88756.39,-0.66%,00,buy,buy,buy,14:59:21,126.22,0.08%,2.449,-5.70%,-6.37%,126.050,126.328,-0.40%,5253.40,Y,0,0,B,-,,N,-,buy,-,24-04-09,126.13,20.09,11.72,3.4%,3.4%,"转债占流动市值比：3.4%
转债占总市值比：3.4%",0.00,600900,sh132018,有效期：2021-10-29 到 2021-10-29；质押代码：132018,132018；2020-04-13 开始转股,全价：126.328 最后更新：14:59:21
128085,鸿达转债,sz002002,鸿达兴业,C,3.91,2021-06-22,2020-06-22,2025-12-16,2023-12-18,,,100.000,y,52.53,30,30,0,0.00,,,27.36,118.000,n,130.000,15,30,30,,X,24.270,3.445,B,B,无担保,,,,szmb,,,128085,128085,0.9374,082002,072002,,N,N,26.280,buy,R,,1.55,N,3118404327.0,3114522291.0,Y,5.21,80477.06,-7.62%,00,buy,buy,buy,15:14:03,133.25,0.10%,4.137,-1.71%,-2.67%,133.384,133.384,-7.37%,12928.52,Y,0,0,B,-,,N,-,buy,-,25-12-16,133.48,5.08,2.74,2.1%,2.1%,"转债占流动市值比：2.1%
转债占总市值比：2.1%",0.00,002002,sz128085,有效期：-；质押代码：128085,128085；2020-06-22 开始转股,全价：133.384 最后更新：15:14:03
113591,胜达转债,sh603687,大胜达,C,8.76,2021-06-11,2021-01-08,2026-06-30,2024-07-01,,,100.000,y,57.96,30,30,0,0.00,,,36.59,116.000,n,130.000,15,30,4,,X,5.500,5.188,AA-,AA-,股票质押担保,,,,shmb,,,113591,113591,1.3300,753687,754687,,N,N,69.650,buy,,,2.40,N,410859829.0,141817129.0,Y,10.58,8428.71,-10.03%,00,buy,buy,buy,14:59:57,120.78,0.18%,4.674,0.13%,-0.66%,120.990,120.990,-9.23%,23552.14,Y,2,2,,-,,N,-,buy,-,26-06-30,121.17,11.39,6.13,34.6%,11.9%,"转债占流动市值比：34.6%
转债占总市值比：11.9%",0.00,603687,sh113591,有效期：-；质押代码：113591,113591；2021-01-08 开始转股,全价：120.990 最后更新：14:59:57
123102,华自转债,sz300490,华自科技,C,9.25,2021-07-26,2021-09-22,2027-03-11,2025-03-11,,,100.000,y,30.43,30,30,0,0.00,,,230.99,119.000,n,130.000,15,30,22,2021-11-18,Y,6.700,1.816,AA-,AA-,无,,,,szcy,"最后交易日：2021年11月18日
最后转股日：2021年11月18日
赎回价：100.276元/张",100.276,123102,123102,2.6154,380490,370490,,N,N,18.610,buy,,,3.00,N,299961400.0,293348255.0,Y,21.28,82009.37,-8.67%,00,buy,buy,buy,15:14:03,230.05,0.19%,5.370,-10.72%,-11.42%,230.500,230.500,-9.05%,100103.94,Y,0,0,R,-,,N,-,buy,-,27-03-11,230.69,12.03,6.47,2.9%,2.8%,"转债占流动市值比：2.9%
转债占总市值比：2.8%",0.00,300490,sz123102,有效期：-；质押代码：123102,123102；2021-09-22 开始转股,全价：230.500 最后更新：15:14:03
132014,18中化EB,sh601117,中国化学,E,7.39,2021-09-10,2019-04-25,2023-04-24,2022-04-24,,,100.000,y,47.63,30,30,0,0.99,2021-10-29,2021-10-29,0.83,106.000,y,130.000,15,30,30,,N,35.000,15.773,AAA,AAA,预备用于交换的中国化学股票设定为本次债券的担保物,,,,shmb,2021年8月19日公告：本次（2021年7月8日至2021年8月18日）不提前赎回,,132014,132014,,,,,Q,Q,,buy,R,,1.72,N,6109470588.0,4933000000.0,Y,10.86,61105.44,-2.95%,00,buy,buy,buy,14:58:47,146.96,0.21%,1.488,-19.00%,-19.77%,146.800,147.264,-2.70%,1925.15,Y,0,0,G,-,,N,-,buy,-,23-04-24,147.01,9.61,5.17,2.9%,2.4%,"转债占流动市值比：2.9%
转债占总市值比：2.4%",0.00,601117,sh132014,有效期：2021-10-29 到 2021-10-29；质押代码：132014,132014；2019-04-25 开始转股,全价：147.264 最后更新：14:58:47
113025,明泰转债,sh601677,明泰铝业,C,11.00,2021-05-14,2019-10-16,2025-04-09,2023-04-10,,,100.000,y,25.67,30,30,0,0.00,,,7.39,110.000,n,130.000,15,30,30,,N,18.390,10.968,AA,AA,无担保,,,,shmb,2021年7月19日公告：本次（2021年6月29日至2021年7月19日）不行使明泰转债的提前赎回权利，至2022年1月19日均不提前赎回,,113025,113025,3.1170,764677,783677,,N,N,24.000,buy,,,2.00,N,682570060.0,682423960.0,Y,30.00,50299.61,-0.37%,00,buy,buy,buy,14:59:58,272.73,0.29%,3.449,-22.63%,-23.15%,273.520,273.520,-1.14%,21952.46,Y,0,0,G,-,,N,-,buy,-,25-04-09,273.81,14.30,7.70,5.4%,5.4%,"转债占流动市值比：5.4%
转债占总市值比：5.4%",0.00,601677,sh113025,有效期：-；质押代码：113025,113025；2019-10-16 开始转股,全价：273.520 最后更新：14:59:58
113548,石英转债,sh603688,石英股份,C,14.93,2021-05-28,2020-05-06,2025-10-27,2023-10-27,,,100.000,y,19.35,30,30,0,0.00,,,127.10,118.000,n,130.000,15,30,30,,N,3.600,1.222,AA-,AA-,股份质押和保证,,,,shmb,2021年8月3日公告，本次（2021年06月22日至2021年08月02日）不行使石英转债的提前赎回权利，至2021年12月31日均不提前赎回,,113548,113548,1.0780,753688,754688,,N,N,43.700,buy,R,,9.20,N,352978538.0,352978538.0,Y,54.00,37634.54,0.04%,00,buy,buy,buy,14:59:59,361.69,0.36%,4.000,-23.92%,-24.61%,362.990,362.990,-0.35%,55873.60,Y,0,0,G,-,,N,-,buy,-,25-10-27,363.35,19.41,10.45,0.6%,0.6%,"转债占流动市值比：0.6%
转债占总市值比：0.6%",0.00,603688,sh113548,有效期：-；质押代码：113548,113548；2020-05-06 开始转股,全价：362.990 最后更新：14:59:59
128113,比音转债,sz002832,比音勒芬,C,14.60,2021-07-07,2020-12-21,2026-06-14,2024-06-14,,,100.000,y,41.85,30,30,0,0.00,,,2.33,112.000,n,130.000,15,30,30,,N,6.890,2.979,AA,AA,无担保,,,,szmb,2021年8月18日公告，本次（2021年7月28日起至8月17日）不提前赎回，至2021年12月31日本年度内均不提前赎回,,128113,128113,1.3147,082832,072832,,N,N,85.110,buy,,,4.83,N,550034980.0,368745280.0,Y,24.42,6280.07,-2.40%,00,buy,buy,buy,15:14:03,167.26,0.44%,4.630,-7.66%,-8.23%,168.000,168.000,-2.96%,1195.69,Y,0,0,G,-,,N,-,buy,-,26-06-14,168.44,18.98,10.22,3.3%,2.2%,"转债占流动市值比：3.3%
转债占总市值比：2.2%",0.00,002832,sz128113,有效期：-；质押代码：128113,128113；2020-12-21 开始转股,全价：168.000 最后更新：15:14:03
128096,奥瑞转债,sz002701,奥瑞金,C,4.50,2021-06-09,2020-08-17,2026-02-11,2024-02-12,,,100.000,y,48.54,30,30,0,0.00,,,7.35,110.000,n,130.000,15,30,25,,N,10.870,5.711,AA+,AA+,无担保,,,,szmb,2021年9月16日公告：本次（2021年8月11日至2021年9月14日）不提前赎回奥瑞转债，至2021年12月31日均不提前赎回,,128096,128096,0.4614,082701,072701,,N,N,58.210,buy,R,,2.23,N,2441615804.0,2439401928.0,Y,6.49,23603.08,0.62%,00,buy,buy,buy,15:14:03,144.22,0.48%,4.293,-5.26%,-5.85%,144.913,144.913,0.44%,6151.07,Y,0,0,G,-,,N,-,buy,-,26-02-11,145.39,5.85,3.15,3.6%,3.6%,"转债占流动市值比：3.6%
转债占总市值比：3.6%",0.00,002701,sz128096,有效期：-；质押代码：128096,128096；2020-08-17 开始转股,全价：144.913 最后更新：15:14:03
113585,寿仙转债,sh603896,寿仙谷,C,28.38,2021-06-30,2020-12-15,2026-06-08,2024-06-10,,,100.000,y,50.00,30,30,0,0.00,,,34.91,112.000,n,130.000,15,30,30,,N,3.600,1.049,AA-,AA-,连带责任保证,,,,shmb,2021年9月1日公告：本次（2021年8月11日至2021年8月31日）不行使提前赎回权利，至2022年2月28日均不提前赎回,,113585,113585,2.5080,753896,754896,,N,N,82.309,buy,,,4.23,N,152319370.0,152319370.0,Y,39.73,2522.49,2.05%,00,buy,buy,buy,14:59:57,139.99,0.56%,4.614,-3.95%,-4.57%,140.780,140.780,2.06%,5149.86,Y,0,0,G,-,,N,-,buy,-,26-06-08,141.34,36.89,19.87,1.7%,1.7%,"转债占流动市值比：1.7%
转债占总市值比：1.7%",0.00,603896,sh113585,有效期：-；质押代码：113585,113585；2020-12-15 开始转股,全价：140.780 最后更新：14:59:57
113600,新星转债,sh603978,深圳新星,C,23.85,,2021-02-19,2026-08-12,2024-08-12,,,100.000,y,50.29,30,30,0,0.00,,,61.79,120.000,n,130.000,15,30,12,,X,5.950,4.578,AA-,AA-,股份质押担保,,,,shmb,,,113600,113600,3.7180,753978,754978,,N,N,75.984,buy,,,3.25,N,163366041.0,163366041.0,Y,33.20,27416.09,-6.45%,00,buy,buy,buy,14:59:58,139.20,0.59%,4.792,-2.28%,-3.13%,140.030,140.030,-5.40%,40235.20,Y,0,0,,-,,N,-,buy,-,26-08-12,140.62,31.00,16.70,8.4%,8.4%,"转债占流动市值比：8.4%
转债占总市值比：8.4%",0.00,603978,sh113600,有效期：-；质押代码：113600,113600；2021-02-19 开始转股,全价：140.030 最后更新：14:59:58
123028,清水转债,sz300437,清水源,C,11.84,2020-06-15,2019-12-25,2025-06-18,2023-06-19,,,100.000,y,26.02,30,30,0,0.00,,,404.20,115.000,n,130.000,15,30,22,,N,4.900,2.877,A+,A+,无担保,,,,szcy,2021年10月20日公告：本次（2021年8月23日至2021年10月19日）不行使提前赎回权利，不提前赎回,,123028,123028,2.2443,380437,370437,,N,N,33.080,buy,,,5.56,N,234024746.0,152772246.0,Y,31.85,111984.73,-7.09%,00,buy,buy,buy,15:14:03,269.00,0.74%,3.641,-20.23%,-20.94%,271.000,271.000,-9.28%,328327.57,Y,0,0,G,-,,N,-,buy,-,25-06-18,271.74,15.39,8.29,5.9%,3.9%,"转债占流动市值比：5.9%
转债占总市值比：3.9%",0.00,300437,sz123028,有效期：-；质押代码：123028,123028；2019-12-25 开始转股,全价：271.000 最后更新：15:14:03
113615,金诚转债,sh603979,金诚信,C,12.65,2021-06-09,2021-06-29,2026-12-22,2024-12-23,,,100.000,y,40.90,30,30,0,0.00,,,11.36,112.000,n,130.000,15,30,30,,N,10.000,8.665,AA,AA,无担保,,,,shmb,2021年8月3日公告：本次（2021年6月29日至2021年8月3日）不行使提前赎回权利，至2021年11月3日均不提前赎回,,113615,113615,1.7320,753979,754979,,N,N,71.880,buy,,,2.50,N,593964099.0,593964099.0,Y,21.65,16485.29,-6.32%,00,buy,buy,buy,14:59:56,171.15,1.11%,5.153,-7.40%,-7.92%,173.040,173.040,-6.50%,17521.97,Y,0,0,G,-,,N,-,buy,-,26-12-22,174.15,16.45,8.86,6.7%,6.7%,"转债占流动市值比：6.7%
转债占总市值比：6.7%",0.00,603979,sh113615,有效期：-；质押代码：113615,113615；2021-06-29 开始转股,全价：173.040 最后更新：14:59:56
123103,震安转债,sz300767,震安科技,C,56.89,2021-06-11,2021-09-22,2027-03-11,2025-03-11,,,100.000,y,43.25,30,30,0,0.00,,,20.93,115.000,n,130.000,15,30,22,,N,2.850,2.556,A+,A+,无,,,,szcy,2021年10月21日公告：本次（2021年9月22日至2021年10月19日）不行使提前赎回权利，至2022年4月21日均不提前赎回,,123103,123103,1.9791,380767,370767,,N,N,53.950,buy,,,14.97,N,201853549.0,117965456.0,Y,92.07,18356.12,-2.05%,00,buy,buy,buy,15:14:03,161.84,1.43%,5.370,-5.58%,-6.20%,164.150,164.150,-5.01%,9022.23,Y,0,0,G,-,,N,-,buy,-,27-03-11,165.58,73.96,39.82,2.4%,1.4%,"转债占流动市值比：2.4%
转债占总市值比：1.4%",0.00,300767,sz123103,有效期：-；质押代码：123103,123103；2021-09-22 开始转股,全价：164.150 最后更新：15:14:03
123089,九洲转2,sz300040,九洲集团,C,5.68,2021-07-14,2021-06-25,2026-12-20,2024-12-20,,,100.000,y,36.61,30,30,0,0.00,,,288.89,115.000,n,130.000,15,30,30,,N,5.000,3.064,AA-,AA-,无担保,,,,szcy,2021年10月26日公告：本次（截至2021年10月26日）不行使九洲转2的提前赎回权利，至2022年1月29日均不提前赎回,,123089,123089,1.3144,380040,370040,,N,N,61.460,buy,,,2.41,N,587623176.0,455280374.0,Y,10.86,84891.96,0.18%,00,buy,buy,buy,15:14:03,191.20,1.78%,5.148,-8.97%,-9.58%,194.600,194.600,-3.42%,179887.04,Y,0,0,G,-,,N,-,buy,-,26-12-20,196.38,7.38,3.98,6.2%,4.8%,"转债占流动市值比：6.2%
转债占总市值比：4.8%",0.00,300040,sz123089,有效期：-；质押代码：123089,123089；2021-06-25 开始转股,全价：194.600 最后更新：15:14:03
113016,小康转债,sh601127,小康股份,C,16.96,2021-07-05,2018-05-11,2023-11-06,2021-11-06,,,100.000,y,18.07,30,30,0,0.00,,,73.12,106.000,n,130.000,15,30,30,,N,15.000,2.071,AA-,AA-,无担保,,,,shmb,2021年4月2日公告：本次不行使提前赎回权利，不提前赎回；至2022年4月2日均不提前赎回,,113016,113016,1.6490,764127,783127,,N,N,89.391,buy,R,,11.46,N,1359920890.0,976171025.0,Y,65.69,85482.22,-4.44%,00,buy,buy,buy,14:59:57,387.32,1.83%,2.025,-,-,394.430,394.430,-5.60%,61077.06,Y,1,1,G,-,,N,-,buy,-,23-11-06,396.26,22.05,11.87,0.3%,0.2%,"转债占流动市值比：0.3%
转债占总市值比：0.2%",0.00,601127,sh113016,有效期：-；质押代码：113016,113016；2018-05-11 开始转股,全价：394.430 最后更新：14:59:57
113009,广汽转债,sh601238,广汽集团,C,13.92,2021-09-22,2016-07-22,2022-01-22,2021-01-22,,,100.680,n,56.65,30,30,0,0.85,2021-10-29,2021-10-29,5.64,106.000,n,130.000,15,30,7,,X,41.059,25.407,AAA,AAA,无担保,,,,shmb,,,113009,113009,0.9720,,,,N,N,,buy,R,,2.03,N,10357000624.0,7156278989.0,Y,17.20,56824.45,-3.86%,00,buy,buy,buy,14:59:59,123.56,1.85%,0.236,-66.83%,-70.87%,125.850,125.850,-1.99%,18075.49,Y,0,0,,-,,N,-,buy,-,22-01-22,127.70,18.10,9.74,2.1%,1.4%,"转债占流动市值比：2.1%
转债占总市值比：1.4%",0.00,601238,sh113009,有效期：2021-10-29 到 2021-10-29；质押代码：113009,113009；2016-07-22 开始转股,全价：125.850 最后更新：14:59:59
123084,高澜转债,sz300499,高澜股份,C,9.01,2021-09-22,2021-06-16,2026-12-09,2024-12-09,,,100.000,y,34.81,30,30,0,0.00,,,780.85,115.000,n,130.000,15,30,29,,N,2.800,2.678,A+,A+,无担保,,,,szcy,2021年9月22日公告： 本次（2021年8月30日至2021年9月17日）不行使提前赎回权利，至2021年12月31日前均不提前赎回,,123084,123084,1.0061,380499,370499,,N,N,67.220,buy,,,5.36,N,279308845.0,239149148.0,Y,18.12,106167.76,3.78%,00,buy,buy,buy,15:14:03,201.11,2.34%,5.118,-9.93%,-10.55%,205.810,205.810,0.40%,442380.72,Y,1,1,G,-,,N,-,buy,-,26-12-09,208.15,11.71,6.31,6.2%,5.3%,"转债占流动市值比：6.2%
转债占总市值比：5.3%",0.00,300499,sz123084,有效期：-；质押代码：123084,123084；2021-06-16 开始转股,全价：205.810 最后更新：15:14:03
128103,同德转债,sz002360,同德化工,C,5.08,2021-05-25,2020-10-09,2026-03-25,2024-03-25,,,100.000,y,40.69,30,30,0,0.00,,,94.08,115.000,n,130.000,15,30,30,,N,1.440,0.885,A+,A+,土地、固定资产等抵押方式,,,,szmb,2021年8月10日公告：本次不行使提前赎回权利，至2021年12月31日均不提前赎回,,128103,128103,0.3859,082360,072360,,N,N,31.100,buy,,,2.58,N,399504578.0,309406470.0,Y,8.74,10376.57,-3.85%,00,buy,buy,buy,15:14:03,172.05,2.35%,4.408,-8.28%,-9.00%,176.085,176.085,-3.36%,14923.18,Y,0,0,G,-,,N,-,buy,-,26-03-25,178.44,6.60,3.56,3.3%,2.5%,"转债占流动市值比：3.3%
转债占总市值比：2.5%",0.00,002360,sz128103,有效期：-；质押代码：128103,128103；2020-10-09 开始转股,全价：176.085 最后更新：15:14:03
127047,帝欧转债,sz002798,帝欧家居,C,13.53,,2022-04-29,2027-10-25,2025-10-27,,,100.000,y,71.70,30,30,0,0.00,,,,115.000,n,130.000,15,30,0,,X,15.000,15.000,AA-,AA-,无担保,,,,szmb,,,未到转股期,127047,3.8770,082798,072798,,N,N,49.880,-,,,1.14,N,386893064.0,226196545.0,Y,13.21,7290.86,1.15%,00,buy,buy,buy,,97.63,2.42%,5.995,3.20%,2.59%,100.000,100.000,0.00%,0.00,Y,0,0,,-,,N,-,buy,-,27-10-25,102.42,17.59,9.47,50.2%,29.3%,"转债占流动市值比：50.2%
转债占总市值比：29.3%",0.00,002798,sz127047,有效期：-；质押代码：127047,未到转股期；2022-04-29 开始转股,待上市
113541,荣晟转债,sh603165,荣晟环保,C,10.84,2021-05-17,2020-02-03,2025-07-22,2023-07-24,,,100.000,y,55.63,30,30,0,0.00,,,9.82,110.000,n,130.000,15,30,3,,X,3.300,1.632,AA-,AA-,股份质押和保证,,,,shmb,,,113541,113541,1.8600,753165,754165,,N,N,24.502,buy,,,2.08,N,263169621.0,263169621.0,Y,13.64,3286.74,-1.73%,00,buy,buy,buy,14:56:06,125.83,2.46%,3.734,-3.23%,-3.88%,128.930,128.930,-1.80%,2072.58,Y,1,1,,-,,N,-,buy,-,25-07-22,131.39,14.09,7.59,4.5%,4.5%,"转债占流动市值比：4.5%
转债占总市值比：4.5%",0.00,603165,sh113541,有效期：-；质押代码：113541,113541；2020-02-03 开始转股,全价：128.930 最后更新：14:56:06
128094,星帅转债,sz002860,星帅尔,C,13.80,2021-06-08,2020-07-22,2026-01-16,2024-01-16,,,100.000,y,54.33,30,30,0,0.00,,,3.24,115.000,n,130.000,15,30,19,,N,2.800,2.185,A+,A+,股份质押和保证,,,,szmb,2021年8月10日公告：本次（2021年6月28日至2021年8月6日）不行使提前赎回权利，至2021年12月31日均不提前赎回,,128094,128094,2.3897,082860,072860,,N,N,75.030,buy,,,3.01,N,203507210.0,146446212.0,Y,17.78,3881.06,-1.22%,00,buy,buy,buy,15:14:03,128.84,2.48%,4.222,-2.10%,-2.92%,132.038,132.038,-0.62%,931.82,Y,0,0,G,-,,N,-,buy,-,26-01-16,134.52,17.94,9.66,8.4%,6.0%,"转债占流动市值比：8.4%
转债占总市值比：6.0%",0.00,002860,sz128094,有效期：-；质押代码：128094,128094；2020-07-22 开始转股,全价：132.038 最后更新：15:14:03
113607,伟20转债,sh603568,伟明环保,C,21.71,2021-07-06,2021-05-06,2026-11-01,2024-11-01,,,100.000,y,56.29,30,30,0,0.00,,,5.71,110.000,n,130.000,20,30,10,,X,12.000,10.806,AA,AA,无担保,,,,shmb,,,113607,113607,0.9540,753568,754568,,N,N,91.110,buy,R,,5.88,N,1256542551.0,1256542551.0,Y,27.00,14150.85,-5.20%,00,buy,buy,buy,14:59:58,124.37,2.50%,5.014,-2.05%,-2.57%,127.470,127.470,-2.65%,7858.88,Y,0,0,,-,,N,-,buy,-,26-11-01,129.97,28.22,15.20,3.2%,3.2%,"转债占流动市值比：3.2%
转债占总市值比：3.2%",0.00,603568,sh113607,有效期：-；质押代码：113607,113607；2021-05-06 开始转股,全价：127.470 最后更新：14:59:58
123086,海兰转债,sz300065,海兰信,C,7.27,2021-07-15,2021-06-17,2026-12-10,2024-12-10,,,100.000,y,53.01,30,30,0,0.00,,,55.02,118.000,n,130.000,15,30,30,,N,7.300,6.076,AA-,AA-,无担保,,,,szcy,2021年9月13日公告：本次（2021年8月11日至2021年9月10日）不行使提前赎回权利，至2021年12月31日均不提前赎回,,123086,123086,1.8358,380065,370065,,N,N,59.780,buy,R,,3.35,N,612538773.0,514495339.0,Y,9.60,29731.19,1.16%,00,buy,buy,buy,15:14:03,132.05,2.56%,5.121,-1.82%,-2.57%,135.430,135.430,0.05%,46985.81,Y,1,1,G,-,,N,-,buy,-,26-12-10,137.99,9.45,5.09,12.3%,10.3%,"转债占流动市值比：12.3%
转债占总市值比：10.3%",0.00,300065,sz123086,有效期：-；质押代码：123086,123086；2021-06-17 开始转股,全价：135.430 最后更新：15:14:03
110077,洪城转债,sh600461,洪城环境,C,6.71,2021-07-09,2021-05-26,2026-11-19,2024-11-19,,,100.000,y,54.18,30,30,0,0.00,,,6.02,110.000,n,130.000,15,30,8,,X,18.000,17.680,AA+,AA+,无担保,,,,shmb,,,110077,110077,1.8980,704461,733461,,N,N,81.140,buy,,,1.52,N,952814300.0,915345555.0,Y,8.67,7944.61,1.17%,00,buy,buy,buy,14:59:54,129.21,2.76%,5.063,-3.09%,-3.55%,132.780,132.780,2.04%,13960.58,Y,0,0,,-,,N,-,buy,-,26-11-19,135.54,8.72,4.70,22.3%,21.4%,"转债占流动市值比：22.3%
转债占总市值比：21.4%",0.00,600461,sh110077,有效期：-；质押代码：110077,110077；2021-05-26 开始转股,全价：132.780 最后更新：14:59:54
123092,天壕转债,sz300332,天壕环境,C,5.19,2021-07-12,2021-06-30,2026-12-23,2024-12-23,,,100.000,y,41.10,30,30,0,0.00,,,211.08,115.000,n,130.000,15,30,30,,N,4.230,4.229,A+,A+,无,,,,szcy,2021年9月6日公告：本次（2021年7月27日至2021年9月6日）不行使提前赎回权利，至2021年12月31日均不提前赎回,,123092,123092,0.4805,380332,370332,,N,N,55.430,buy,,,2.25,N,880223246.0,840797973.0,Y,8.84,81121.15,-7.43%,00,buy,buy,buy,15:14:03,170.33,3.15%,5.156,-7.04%,-7.67%,175.700,175.700,-7.86%,161576.97,Y,0,0,G,-,,N,-,buy,-,26-12-23,178.85,6.75,3.63,5.7%,5.4%,"转债占流动市值比：5.7%
转债占总市值比：5.4%",0.00,300332,sz123092,有效期：-；质押代码：123092,123092；2021-06-30 开始转股,全价：175.700 最后更新：15:14:03
110061,川投转债,sh600674,川投能源,C,9.20,2021-07-15,2020-05-15,2025-11-10,2023-11-10,,,100.000,y,48.79,30,30,0,0.96,2021-10-29,2021-10-29,1.94,106.000,n,130.000,15,30,30,,N,40.000,39.616,AAA,AAA,无担保,,,,shmb,2021年9月28日公告：本次（2021年9月6日至2021年9月28日）期间不行使提前赎回权利，至2022年9月28日均不提前赎回,,110061,110061,0.9080,704674,733674,,N,N,81.590,buy,R,,1.86,N,4406152075.0,4406152075.0,Y,13.20,21908.13,-0.83%,00,buy,buy,buy,15:00:00,143.48,3.58%,4.038,-7.15%,-7.58%,148.620,148.620,-1.28%,11467.43,Y,0,0,G,-,,N,-,buy,-,25-11-10,152.20,11.96,6.44,6.8%,6.8%,"转债占流动市值比：6.8%
转债占总市值比：6.8%",0.00,600674,sh110061,有效期：2021-10-29 到 2021-10-29；质押代码：110061,110061；2020-05-15 开始转股,全价：148.620 最后更新：15:00:00
123046,天铁转债,sz300587,天铁股份,C,5.90,2021-07-07,2020-09-25,2026-03-18,2024-03-18,,,100.000,y,20.74,30,30,0,0.00,,,28.88,112.000,n,130.000,15,30,30,,N,3.990,0.622,AA-,AA-,无担保,,,,szcy,2021年6月8日公告，本次（2021年5月17日至2021年6月4日）不行使天铁转债的提前赎回权利，至2021年12月6日前均不提前赎回,,123046,123046,2.1957,380587,370587,,N,N,52.910,buy,,,6.83,N,579160729.0,475836056.0,Y,19.91,12463.39,-4.51%,00,buy,buy,buy,15:14:03,337.46,3.69%,4.389,-22.31%,-22.79%,349.900,349.900,-4.02%,6381.72,Y,0,0,G,-,,N,-,buy,-,26-03-18,353.59,7.67,4.13,0.7%,0.5%,"转债占流动市值比：0.7%
转债占总市值比：0.5%",0.00,300587,sz123046,有效期：-；质押代码：123046,123046；2020-09-25 开始转股,全价：349.900 最后更新：15:14:03
123042,银河转债,sz300619,金银河,C,24.38,2021-06-24,2020-07-20,2026-01-13,2024-01-15,,,100.000,y,28.35,30,30,0,0.00,,,321.61,110.000,n,130.000,15,30,30,,N,1.670,1.335,A+,A+,无担保,,,,szcy,2021年8月26日公告：本次（2021年8月5日至2021年8月25日）不行使提前赎回权利，至2021年12月31日均不提前赎回,,123042,123042,2.2316,380619,370619,,N,N,49.650,buy,,,8.54,N,75450951.0,57386129.0,Y,60.20,46723.58,-8.65%,00,buy,buy,buy,15:14:03,246.92,3.75%,4.214,-17.54%,-18.02%,256.181,256.181,-6.54%,112071.59,Y,0,0,G,-,,N,-,buy,-,26-01-13,259.93,31.69,17.07,3.9%,2.9%,"转债占流动市值比：3.9%
转债占总市值比：2.9%",0.00,300619,sz123042,有效期：-；质押代码：123042,123042；2020-07-20 开始转股,全价：256.181 最后更新：15:14:03
113621,彤程转债,sh603650,彤程新材,C,32.62,2021-06-08,2021-08-02,2027-01-25,2025-01-27,,,100.000,y,41.62,30,30,0,0.00,,,23.06,110.000,n,130.000,15,30,30,,N,8.000,5.369,AA,AA,无,,,,shmb,2021年10月13日公告：本次（2021年9月13日至2021年10月12日）不行使提前赎回权利，至2021年12月12日均不提前赎回,,113621,113621,1.3650,753650,754650,,N,N,92.530,buy,,,13.17,N,594048710.0,594048710.0,Y,54.86,33092.19,-2.82%,00,buy,buy,buy,14:59:57,168.18,3.79%,5.247,-7.75%,-8.20%,174.550,174.550,-3.46%,21974.40,Y,0,0,G,-,,N,-,buy,-,27-01-25,178.34,42.41,22.83,1.6%,1.6%,"转债占流动市值比：1.6%
转债占总市值比：1.6%",0.00,603650,sh113621,有效期：-；质押代码：113621,113621；2021-08-02 开始转股,全价：174.550 最后更新：14:59:57
118002,天合转债,sh688599,天合光能,C,50.51,,2022-02-21,2027-08-12,2025-08-12,,,100.000,y,49.11,30,30,0,0.00,,,4.39,115.000,n,130.000,15,30,0,,X,52.520,52.520,AA,AA,无,,,,shkc,,,未到转股期,118002,2.5400,726599,718599,,N,N,63.350,-,R,,9.63,N,2068026375.0,1213653853.0,Y,72.00,111106.59,1.29%,00,buy,buy,buy,14:59:59,142.55,4.05%,5.792,-3.63%,-4.20%,148.320,148.320,0.03%,34520.93,Y,0,0,,-,,N,-,buy,-,27-08-12,152.37,65.66,35.36,6.0%,3.5%,"转债占流动市值比：6.0%
转债占总市值比：3.5%",0.00,688599,sh118002,有效期：-；质押代码：118002,未到转股期；2022-02-21 开始转股,全价：148.320 最后更新：14:59:59
127030,盛虹转债,sz000301,东方盛虹,C,14.10,2021-06-18,2021-09-27,2027-03-21,2025-03-21,,,100.000,y,35.85,30,30,0,0.00,,,4.91,108.000,n,130.000,15,30,19,,N,50.000,49.988,AA+,AA+,无,,,,szmb,2021年9月22日公告，截止9月22日触发本次不赎回，至2022年3月26日前均不提前赎回,,127030,127030,1.0341,080301,070301,,N,N,77.630,buy,R,,6.85,N,4834903257.0,1731856289.0,Y,27.53,173146.66,-7.86%,00,buy,buy,buy,15:14:03,195.25,4.41%,5.397,-10.56%,-10.91%,203.850,203.850,-6.28%,51022.12,Y,0,0,G,-,,N,-,buy,-,27-03-21,208.26,18.33,9.87,10.5%,3.8%,"转债占流动市值比：10.5%
转债占总市值比：3.8%",0.00,000301,sz127030,有效期：-；质押代码：127030,127030；2021-09-27 开始转股,全价：203.850 最后更新：15:14:03
123112,万讯转债,sz300112,万讯自控,C,8.93,2021-05-28,2021-10-14,2027-04-07,2025-04-07,,,100.000,y,54.64,30,30,0,0.00,,,98.19,118.000,n,130.000,15,30,0,,X,2.457,2.455,AA-,AA-,无,,,,szcy,,,123112,123112,0.8599,380112,370112,,N,N,30.520,buy,,,2.84,N,285747886.0,201309133.0,Y,11.44,26434.75,3.91%,00,buy,buy,buy,15:14:03,128.11,4.44%,5.444,-1.36%,-2.09%,133.800,133.800,1.75%,32483.57,Y,0,0,,-,,N,-,buy,-,27-04-07,138.24,11.61,6.25,10.7%,7.5%,"转债占流动市值比：10.7%
转债占总市值比：7.5%",0.00,300112,sz123112,有效期：-；质押代码：123112,123112；2021-10-14 开始转股,全价：133.800 最后更新：15:14:03
113026,核能转债,sh601985,中国核电,C,5.73,2021-07-16,2019-10-21,2025-04-14,2023-04-17,,,100.000,y,57.22,30,30,0,0.83,2021-10-29,2021-10-29,3.01,105.000,n,130.000,15,30,4,,X,78.000,75.988,AAA,AAA,无担保,,,,shmb,,,113026,113026,0.5010,764985,783985,,N,N,79.230,buy,R,,1.69,N,17516772893.0,17069011700.0,Y,7.01,158008.94,-1.27%,00,buy,buy,buy,14:59:59,122.34,4.48%,3.463,-4.51%,-4.97%,127.820,127.820,-0.47%,29273.62,Y,0,0,,-,,N,-,buy,-,25-04-14,132.30,7.45,4.01,6.4%,6.2%,"转债占流动市值比：6.4%
转债占总市值比：6.2%",0.00,601985,sh113026,有效期：2021-10-29 到 2021-10-29；质押代码：113026,113026；2019-10-21 开始转股,全价：127.820 最后更新：14:59:59
110074,精达转债,sh600577,精达股份,C,3.73,2021-04-26,2021-02-25,2026-08-18,2024-08-19,,,100.000,y,36.42,30,30,0,0.00,,,24.03,112.000,n,130.000,15,30,30,,N,7.870,5.100,AA,AA,无担保,,,,shmb,2021年6月16日公告：本次（2021年5月21日至2021年6月15日）不行使精达转债的提前赎回权利，至2021年12月15日前均不提前赎回,,110074,110074,0.4090,704577,733577,,N,N,62.152,buy,R,,3.44,N,1989463184.0,1989463184.0,Y,7.17,56562.89,-3.37%,00,buy,buy,buy,14:59:57,192.23,4.98%,4.808,-10.90%,-11.41%,201.790,201.790,-3.63%,24934.64,Y,0,0,G,-,,N,-,buy,-,26-08-18,206.77,4.85,2.61,3.6%,3.6%,"转债占流动市值比：3.6%
转债占总市值比：3.6%",0.00,600577,sh110074,有效期：-；质押代码：110074,110074；2021-02-25 开始转股,全价：201.790 最后更新：14:59:57
123081,精研转债,sz300709,精研科技,C,34.15,2021-10-11,2021-06-09,2026-12-02,2024-12-02,,,100.000,y,51.83,30,30,0,0.00,,,142.19,115.000,n,130.000,15,30,1,,X,5.700,5.698,AA-,AA-,无担保,,,,szcy,,,123081,123081,4.9325,380709,370709,,N,N,69.190,buy,,,3.73,N,138632955.0,106829865.0,Y,46.12,64832.44,5.83%,00,buy,buy,buy,15:14:03,135.05,5.55%,5.099,-3.18%,-3.86%,142.540,142.540,2.13%,117978.61,Y,1,1,,-,,N,-,buy,-,26-12-02,148.09,44.40,23.91,11.6%,8.9%,"转债占流动市值比：11.6%
转债占总市值比：8.9%",0.00,300709,sz123081,有效期：-；质押代码：123081,123081；2021-06-09 开始转股,全价：142.540 最后更新：15:14:03
127029,中钢转债,sz000928,中钢国际,C,5.79,2021-09-24,2021-09-27,2027-03-18,2025-03-18,,,100.000,y,56.84,30,30,0,0.00,,,6.80,113.000,n,130.000,15,30,15,,N,9.600,8.201,AA+,AA+,无,,,,szmb,2021年10月26日公告：本次（2021年9月27日至10月26日）不行使提前赎回权利，至2022年4月25日均不提前赎回,,127029,127029,0.7639,080928,070928,,N,N,20.710,buy,R,,1.51,N,1280081086.0,1280049886.0,Y,7.13,19033.32,-5.19%,00,buy,buy,buy,15:14:03,123.14,5.65%,5.389,-1.90%,-2.45%,130.100,130.100,-2.79%,7361.55,Y,0,0,G,-,,N,-,buy,-,27-03-18,135.75,7.53,4.05,9.0%,9.0%,"转债占流动市值比：9.0%
转债占总市值比：9.0%",0.00,000928,sz127029,有效期：-；质押代码：127029,127029；2021-09-27 开始转股,全价：130.100 最后更新：15:14:03
123109,昌红转债,sz300151,昌红科技,C,28.06,2021-06-02,2021-10-08,2027-03-31,2025-03-31,,,100.000,y,54.30,30,30,0,0.00,,,6.15,115.000,n,130.000,15,30,0,,X,4.600,4.599,AA-,AA-,无,,,,szcy,,,123109,123109,0.9263,380151,370151,,N,N,29.800,buy,,,16.75,N,502500000.0,315768300.0,Y,36.17,11581.97,-0.52%,00,buy,buy,buy,15:14:03,128.90,5.97%,5.425,-2.25%,-2.89%,136.600,136.600,-2.16%,3896.18,Y,0,0,,-,,N,-,buy,-,27-03-31,142.57,36.48,19.64,4.0%,2.5%,"转债占流动市值比：4.0%
转债占总市值比：2.5%",0.00,300151,sz123109,有效期：-；质押代码：123109,123109；2021-10-08 开始转股,全价：136.600 最后更新：15:14:03
123071,天能转债,sz300569,天能重工,C,7.91,2021-08-02,2021-04-27,2026-10-20,2024-10-21,,,100.000,y,47.41,30,30,0,0.00,,,117.24,115.000,n,130.000,15,30,27,,N,7.000,6.946,AA-,AA-,无担保,,,,szcy,2021年10月15日公告：本次（2021年9月15日至2021年10月14日）不提前赎回，至2022年10月14日均不提前赎回,,123071,123071,1.7863,380569,370569,,N,N,70.512,buy,,,3.71,N,793693851.0,568510989.0,Y,11.68,69256.19,5.32%,00,buy,buy,buy,15:14:03,147.66,6.29%,4.981,-5.22%,-5.88%,156.952,156.952,4.97%,126524.57,Y,1,1,G,-,,N,-,buy,-,26-10-20,163.24,10.28,5.54,10.5%,7.5%,"转债占流动市值比：10.5%
转债占总市值比：7.5%",0.00,300569,sz123071,有效期：-；质押代码：123071,123071；2021-04-27 开始转股,全价：156.952 最后更新：15:14:03
113034,滨化转债,sh601678,滨化股份,C,4.58,2021-05-27,2020-10-16,2026-04-09,2024-04-09,,,100.000,y,38.21,30,30,0,0.00,,,40.63,110.000,n,130.000,15,30,30,,N,24.000,4.682,AA,AA,无担保,,,,shmb,2021年8月31日公告：本次（自2021年8月11日至2021年8月31日）不提前赎回，至2021年11月30日前均不提前赎回,,113034,113034,1.5770,764678,783678,,N,N,51.730,buy,R,,1.74,N,1957778373.0,1957778373.0,Y,8.39,118042.25,-9.49%,00,buy,buy,buy,14:59:59,183.19,6.31%,4.449,-11.38%,-11.87%,194.750,194.750,-8.91%,38677.81,Y,0,0,G,-,,N,-,buy,-,26-04-09,201.06,5.95,3.21,2.9%,2.9%,"转债占流动市值比：2.9%
转债占总市值比：2.9%",0.00,601678,sh113034,有效期：-；质押代码：113034,113034；2020-10-16 开始转股,全价：194.750 最后更新：14:59:59
127011,中鼎转2,sz000887,中鼎股份,C,11.39,2021-06-07,2019-09-16,2025-03-08,2023-03-08,,,100.000,y,48.09,30,30,0,0.00,,,3.69,110.000,n,130.000,15,30,25,,N,12.000,11.996,AA+,AA+,无担保,,,,szmb,2021年8月24日公告：本次（2021年7月12日至2021年8月20日）不提前赎回，至2021年11月22日均不提前赎回,,127011,127011,0.9829,080887,070887,,N,N,63.530,buy,R,,2.20,N,1220853166.0,1218260743.0,Y,16.58,49191.24,2.03%,00,buy,buy,buy,15:14:03,145.57,6.48%,3.362,-8.77%,-9.45%,155.000,155.000,-1.55%,6976.23,Y,0,0,G,-,,N,-,buy,-,25-03-08,161.48,14.81,7.97,5.9%,5.9%,"转债占流动市值比：5.9%
转债占总市值比：5.9%",0.00,000887,sz127011,有效期：-；质押代码：127011,127011；2019-09-16 开始转股,全价：155.000 最后更新：15:14:03
123085,万顺转2,sz300057,万顺新材,C,6.20,2021-05-17,2021-06-17,2026-12-10,2024-12-10,,,100.000,y,58.02,30,30,0,0.00,,,3.78,108.000,n,130.000,15,30,10,,N,9.000,8.666,AA-,AA-,无担保,,,,szcy,2021年9月30日公告：本次（2021年8月16日至2021年9月29日）不行使提前赎回权利，至2021年12月31日均不提前赎回,,123085,123085,1.3341,380057,370057,,N,N,66.940,buy,,,1.42,N,680202861.0,502519108.0,Y,7.48,13070.11,0.54%,00,buy,buy,buy,15:14:03,120.65,6.68%,5.121,-2.51%,-2.96%,128.700,128.700,-1.00%,4256.83,Y,0,0,G,-,,N,-,buy,-,26-12-10,135.38,8.06,4.34,23.1%,17.0%,"转债占流动市值比：23.1%
转债占总市值比：17.0%",0.00,300057,sz123085,有效期：-；质押代码：123085,123085；2021-06-17 开始转股,全价：128.700 最后更新：15:14:03
123098,一品转债,sz300723,一品红,C,25.48,2021-08-25,2021-08-03,2027-01-27,2025-01-27,,,100.000,y,57.08,30,30,0,0.00,,,2.66,118.000,n,130.000,15,30,3,,N,4.800,4.252,AA-,AA-,无担保,,,,szcy,2021年8月23日公告：本次（2021年8月3日至2021年8月23日）不行使一品转债的提前赎回权利，不提前赎回,,123098,123098,3.0423,380723,370723,,N,N,85.150,buy,,,5.15,N,288033713.0,124341073.0,Y,31.25,3803.07,0.03%,00,buy,buy,buy,15:14:03,122.65,6.92%,5.252,-1.08%,-1.83%,131.130,131.130,-0.79%,1495.19,Y,0,0,G,-,,N,-,buy,-,27-01-27,138.05,33.12,17.84,10.9%,4.7%,"转债占流动市值比：10.9%
转债占总市值比：4.7%",0.00,300723,sz123098,有效期：-；质押代码：123098,123098；2021-08-03 开始转股,全价：131.130 最后更新：15:14:03
123052,飞鹿转债,sz300665,飞鹿股份,C,7.05,2021-06-03,2020-12-11,2026-06-04,2024-06-04,,,100.000,y,56.08,30,30,0,0.00,,,42.35,120.000,n,130.000,15,30,27,,N,1.770,1.504,A+,A+,无担保,,,,szcy,2021年8月24日公告：本次（2021年8月4日至2021年8月24日）不提前赎回，至2022年2月24日均不提前赎回,,123052,123052,1.4612,380665,370665,,N,N,75.366,buy,,,2.79,N,173397555.0,128954235.0,Y,8.80,2549.94,-3.30%,00,buy,buy,buy,15:14:03,124.82,6.95%,4.603,-1.14%,-2.08%,133.500,133.500,-0.21%,8513.57,Y,0,0,G,-,,N,-,buy,-,26-06-04,140.45,9.16,4.93,13.3%,9.9%,"转债占流动市值比：13.3%
转债占总市值比：9.9%",0.00,300665,sz123052,有效期：-；质押代码：123052,123052；2020-12-11 开始转股,全价：133.500 最后更新：15:14:03
123012,万顺转债,sz300057,万顺新材,C,5.27,2021-05-17,2019-01-26,2024-07-20,2022-07-20,,,100.000,y,49.32,30,30,0,0.00,,,195.96,106.000,n,130.000,15,30,28,,N,9.500,1.275,AA-,AA-,无担保,,,,szcy,2021年9月30日公告：本次（2021年8月16日至2021年9月29日）不提前赎回万顺转债，2021年12月31日前均不提前赎回,,123012,123012,2.1607,380057,370057,,N,N,2.190,buy,,,1.42,N,680202861.0,502519108.0,Y,7.48,13070.11,0.54%,00,buy,buy,buy,15:14:03,141.94,7.17%,2.729,-11.56%,-12.10%,152.110,152.110,1.41%,38292.15,Y,0,0,G,-,,N,-,buy,-,24-07-20,159.28,6.85,3.69,3.4%,2.5%,"转债占流动市值比：3.4%
转债占总市值比：2.5%",0.00,300057,sz123012,有效期：-；质押代码：123012,123012；2019-01-26 开始转股,全价：152.110 最后更新：15:14:03
123127,耐普转债,sz300818,耐普矿机,C,37.00,,2022-05-04,2027-10-28,2025-10-28,,,100.000,y,75.07,30,30,0,0.00,,,,110.000,n,130.000,15,30,0,,X,4.000,4.000,A+,A+,无,,,,szcy,,,未到转股期,123127,5.7870,380818,370818,,N,N,,-,,,2.68,N,70000000.0,31453000.0,Y,34.50,5198.59,-2.24%,00,buy,buy,buy,,93.24,7.25%,5.997,2.59%,2.09%,100.000,100.000,0.00%,0.00,Y,0,0,,-,,N,-,buy,-,27-10-28,107.25,48.10,25.90,36.9%,16.6%,"转债占流动市值比：36.9%
转债占总市值比：16.6%",0.00,300818,sz123127,有效期：-；质押代码：123127,未到转股期；2022-05-04 开始转股,待上市
113549,白电转债,sh603861,白云电器,C,8.83,2021-08-25,2020-05-21,2025-11-14,2023-11-14,,,100.000,y,61.75,30,30,0,0.00,,,4.44,110.000,n,130.000,15,30,11,,X,8.800,8.057,AA,AA,无担保,,,,shmb,,,113549,113549,1.9470,753861,753861,,N,N,62.480,buy,,,1.68,N,446958262.0,420683628.0,Y,10.01,4510.57,-1.28%,00,buy,buy,buy,14:58:12,113.36,7.36%,4.049,-1.46%,-2.10%,121.710,121.710,-1.05%,4337.53,Y,0,0,,-,,N,-,buy,-,25-11-14,129.07,11.48,6.18,19.1%,18.0%,"转债占流动市值比：19.1%
转债占总市值比：18.0%",0.00,603861,sh113549,有效期：-；质押代码：113549,113549；2020-05-21 开始转股,全价：121.710 最后更新：14:58:12
127046,百润转债,sz002568,百润股份,C,66.89,,2022-04-12,2027-09-28,2025-09-29,,,100.000,y,75.36,30,30,0,0.00,,,,110.000,n,130.000,15,30,0,,X,11.280,11.280,AA,AA,无,,,,szmb,,,未到转股期,127046,1.5064,082568,072568,,N,N,,-,R,,14.04,N,749785122.0,512092162.0,Y,62.13,47337.77,3.55%,00,buy,buy,buy,,92.88,7.66%,5.921,2.45%,1.97%,100.000,100.000,0.00%,0.00,Y,0,0,,-,,N,-,buy,-,27-09-28,107.66,86.96,46.82,3.5%,2.4%,"转债占流动市值比：3.5%
转债占总市值比：2.4%",0.00,002568,sz127046,有效期：-；质押代码：127046,未到转股期；2022-04-12 开始转股,待上市
128121,宏川转债,sz002930,宏川智慧,C,19.89,2021-10-11,2021-01-25,2026-07-16,2024-07-16,,,100.000,y,60.12,30,30,0,0.00,,,4.18,108.000,n,130.000,15,30,0,,X,6.700,6.699,AA-,AA-,无担保,,,,szmb,,,128121,128121,1.5099,082930,072930,,N,N,77.700,buy,,,4.74,N,446639977.0,421619410.0,Y,23.16,11831.63,0.52%,00,buy,buy,buy,15:14:03,116.44,7.76%,4.718,-2.25%,-2.73%,125.477,125.477,-0.48%,3553.38,Y,0,0,,-,,N,-,buy,-,26-07-16,133.24,25.86,13.92,6.9%,6.5%,"转债占流动市值比：6.9%
转债占总市值比：6.5%",0.00,002930,sz128121,有效期：-；质押代码：128121,128121；2021-01-25 开始转股,全价：125.477 最后更新：15:14:03
127040,国泰转债,sz002091,江苏国泰,C,9.02,,2022-01-13,2027-07-06,2025-07-07,,,100.000,y,52.75,30,30,0,0.00,,,3.98,108.000,n,130.000,15,30,0,,X,45.574,45.574,AA+,AA+,无,,,,szmb,,,未到转股期,127040,2.9100,082091,072091,,N,N,65.940,buy,R,,2.03,N,1563536598.0,1513016522.0,Y,11.97,61932.28,-7.07%,00,buy,buy,buy,15:14:03,132.71,7.78%,5.690,-4.19%,-4.56%,143.032,143.032,-4.33%,26399.57,Y,0,0,,-,,N,-,buy,-,27-07-06,150.81,11.73,6.31,25.2%,24.4%,"转债占流动市值比：25.2%
转债占总市值比：24.4%",0.00,002091,sz127040,有效期：-；质押代码：127040,未到转股期；2022-01-13 开始转股,全价：143.032 最后更新：15:14:03
128078,太极转债,sz002368,太极股份,C,22.21,2021-07-12,2020-04-27,2025-10-21,2023-10-23,,,100.000,y,57.43,30,30,0,0.00,,,3.97,112.000,n,130.000,15,30,3,,X,10.000,9.600,AA,AA,无担保,,,,szmb,,,128078,128078,2.4226,082368,072368,,N,N,61.950,buy,R,,4.43,N,579653456.0,576166298.0,Y,27.07,30160.83,-2.59%,00,buy,buy,buy,15:14:03,121.88,8.30%,3.984,-3.18%,-3.87%,132.000,132.000,-1.50%,5045.75,Y,0,0,,-,,N,-,buy,-,25-10-21,140.30,28.87,15.55,6.2%,6.1%,"转债占流动市值比：6.2%
转债占总市值比：6.1%",0.00,002368,sz128078,有效期：-；质押代码：128078,128078；2020-04-27 开始转股,全价：132.000 最后更新：15:14:03
128130,景兴转债,sz002067,景兴纸业,C,3.40,,2021-03-04,2026-08-30,2024-08-30,,,100.000,y,73.32,30,30,0,0.00,,,1.48,110.000,n,130.000,15,30,2,,X,12.800,9.987,AA,AA,无担保,,,,szmb,,,128130,128130,1.1519,082067,072067,,N,N,53.140,buy,R,,0.85,N,1193923307.0,1056298307.0,Y,3.71,8939.13,-1.85%,00,buy,buy,buy,15:14:03,109.12,8.46%,4.841,-0.64%,-1.18%,118.351,118.351,-1.25%,1754.02,Y,0,0,,-,,N,-,buy,-,26-08-30,126.81,4.42,2.72,25.5%,22.5%,"转债占流动市值比：25.5%
转债占总市值比：22.5%",0.00,002067,sz128130,有效期：-；质押代码：128130,128130；2021-03-04 开始转股,全价：118.351 最后更新：15:14:03
123070,鹏辉转债,sz300438,鹏辉能源,C,20.08,2021-08-17,2021-04-26,2026-10-19,2024-10-21,,,100.000,y,45.49,30,30,0,0.00,,,66.24,110.000,n,130.000,20,30,25,,N,8.900,7.488,AA,AA,无担保,,,,szcy,2021年9月2日公告：本次（2021年8月6日至2021年9月2日）不行使提前赎回权利，至2021年12月31日均不提前赎回,,123070,123070,2.1380,380438,370438,,N,N,72.570,buy,,,5.27,N,426018921.0,322161083.0,Y,30.90,95981.20,-3.74%,00,buy,buy,buy,15:14:03,153.88,8.52%,4.978,-7.36%,-7.83%,167.000,167.000,-4.24%,80683.39,Y,0,0,G,-,,N,-,buy,-,26-10-19,175.52,26.10,14.06,7.5%,5.7%,"转债占流动市值比：7.5%
转债占总市值比：5.7%",0.00,300438,sz123070,有效期：-；质押代码：123070,123070；2021-04-26 开始转股,全价：167.000 最后更新：15:14:03
113626,伯特转债,sh603596,伯特利,C,36.01,2021-10-28,2022-01-05,2027-06-28,2025-06-27,,,100.000,y,45.51,30,30,0,0.00,,,6.08,116.000,n,130.000,15,30,0,,X,9.020,9.020,AA,AA,无,,,,shmb,,,未到转股期,113626,2.2130,753596,754596,,N,N,70.636,buy,,,7.46,N,408446000.0,406626000.0,Y,55.39,26415.28,-5.67%,00,buy,buy,buy,14:59:59,153.82,8.61%,5.668,-5.60%,-6.18%,167.060,167.060,-2.44%,9150.54,Y,0,0,,-,,N,-,buy,-,27-06-28,175.67,46.81,25.21,4.0%,4.0%,"转债占流动市值比：4.0%
转债占总市值比：4.0%",0.00,603596,sh113626,有效期：-；质押代码：113626,未到转股期；2022-01-05 开始转股,全价：167.060 最后更新：14:59:59
123080,海波转债,sz300517,海波重科,C,11.58,2021-06-01,2021-06-08,2026-12-01,2024-12-02,,,100.000,y,63.43,30,30,0,0.00,,,25.75,120.000,n,130.000,15,30,0,,X,2.450,2.437,A+,A+,无担保,,,,szcy,,,123080,123080,2.2955,380517,370517,,N,N,77.246,buy,,,2.71,N,192168933.0,112550613.0,Y,12.78,6962.30,-6.37%,00,buy,buy,buy,15:14:03,110.36,8.78%,5.096,1.06%,0.19%,120.050,120.050,-3.88%,7672.80,Y,0,0,,-,,N,-,buy,-,26-12-01,128.83,15.05,8.11,16.9%,9.9%,"转债占流动市值比：16.9%
转债占总市值比：9.9%",0.00,300517,sz123080,有效期：-；质押代码：123080,123080；2021-06-08 开始转股,全价：120.050 最后更新：15:14:03
113527,维格转债,sh603518,锦泓集团,C,9.85,2020-08-05,2019-07-30,2025-01-23,2023-01-23,,,100.000,y,54.85,30,30,0,0.00,,,27.12,115.000,n,130.000,15,30,29,,N,7.460,2.865,AA,AA,无担保,,,,shmb,2021年9月18日公告：本次不行使赎回权，至2021年12月17日公司均不行使维格转债的提前赎回权利,,113527,113527,4.1310,753518,754518,,N,N,4.910,buy,,,1.59,N,296583303.0,296583303.0,Y,12.57,8702.48,-8.32%,00,buy,buy,buy,15:00:00,127.61,8.88%,3.241,-4.63%,-5.61%,138.950,138.950,-4.70%,10889.32,Y,1,1,G,-,,N,-,buy,-,25-01-23,147.83,12.80,6.89,7.7%,7.7%,"转债占流动市值比：7.7%
转债占总市值比：7.7%",0.00,603518,sh113527,有效期：-；质押代码：113527,113527；2019-07-30 开始转股,全价：138.950 最后更新：15:00:00
128013,洪涛转债,sz002325,洪涛股份,C,2.32,2021-02-24,2017-02-06,2022-07-29,2020-07-29,,,100.000,y,70.00,30,30,0,0.00,,,3.92,108.000,n,130.000,15,30,0,,X,12.000,11.415,A-,A-,无担保,,,,szmb,,,128013,128013,0.9980,082325,072325,10,N,N,,buy,R,,1.02,N,1272439069.0,966278130.0,Y,2.32,1750.93,-2.11%,00,buy,buy,buy,15:14:03,100.00,9.10%,0.751,-1.34%,-3.29%,109.100,109.100,-1.06%,4913.86,Y,3,3,,-,,N,-,buy,-,22-07-29,118.20,3.02,1.62,50.9%,38.7%,"转债占流动市值比：50.9%
转债占总市值比：38.7%",0.00,002325,sz128013,有效期：-；质押代码：128013,128013；2017-02-06 开始转股,全价：109.100 最后更新：15:14:03
128106,华统转债,sz002840,华统股份,C,9.37,2021-06-30,2020-10-16,2026-04-09,2024-04-09,,,100.000,y,63.93,30,30,0,0.00,,,1.83,108.000,n,130.000,15,30,0,,X,5.500,5.352,AA,AA,连带责任保证,,,,szmb,,,128106,128106,1.9826,082840,072840,,N,N,67.140,buy,,,2.64,N,447635792.0,436173392.0,Y,10.26,3827.62,-2.10%,00,buy,buy,buy,15:14:03,109.50,9.19%,4.449,-1.31%,-1.82%,119.566,119.566,-1.18%,1180.27,Y,0,0,,-,,N,-,buy,-,26-04-09,128.76,12.18,6.56,12.0%,11.7%,"转债占流动市值比：12.0%
转债占总市值比：11.7%",0.00,002840,sz128106,有效期：-；质押代码：128106,128106；2020-10-16 开始转股,全价：119.566 最后更新：15:14:03
113536,三星转债,sh603578,三星新材,C,13.76,2021-05-28,2019-12-06,2025-05-30,2023-05-31,,,100.000,y,61.31,30,30,0,0.00,,,8.96,110.000,n,130.000,15,30,0,,X,1.920,1.491,AA,A+,德清联创科技新城建设有限公司为本次发行可转债提供连带责任保证担保,,,,shmb,,,113536,113536,2.1390,753578,754578,,N,N,35.470,buy,,,2.51,N,128394992.0,128000192.0,Y,15.71,2457.82,0.32%,00,buy,buy,buy,14:59:12,114.17,9.20%,3.589,-2.44%,-3.13%,124.680,124.680,0.32%,1657.63,Y,0,0,,-,,N,-,buy,-,25-05-30,133.88,17.89,9.63,7.4%,7.4%,"转债占流动市值比：7.4%
转债占总市值比：7.4%",0.00,603578,sh113536,有效期：-；质押代码：113536,113536；2019-12-06 开始转股,全价：124.680 最后更新：14:59:12
123022,长信转债,sz300088,长信科技,C,6.05,2021-06-17,2019-09-23,2025-03-18,2023-03-18,,,100.000,y,41.77,30,30,0,0.00,,,138.05,110.000,n,130.000,15,30,24,,N,12.300,2.566,AA,AA,无担保,,,,szcy,2021年9月22日公告，本次（2021年8月10日至2021年9月22日）不行使提前赎回权利，不提前赎回,,123022,123022,0.5350,380088,370088,,N,N,42.700,buy,R,,3.28,N,2454857456.0,2442630224.0,Y,10.14,193997.59,-3.98%,00,buy,buy,buy,15:14:03,167.60,9.34%,3.389,-13.22%,-13.83%,183.264,183.264,-4.59%,66279.51,Y,0,0,G,-,,N,-,buy,-,25-03-18,192.60,7.87,4.24,1.0%,1.0%,"转债占流动市值比：1.0%
转债占总市值比：1.0%",0.00,300088,sz123022,有效期：-；质押代码：123022,123022；2019-09-23 开始转股,全价：183.264 最后更新：15:14:03
113568,新春转债,sh603667,五洲新春,C,8.75,2021-06-15,2020-09-14,2026-03-05,2024-03-05,,,100.000,y,39.64,30,30,0,0.00,,,39.78,118.000,n,130.000,15,30,30,,N,3.300,2.438,AA-,AA-,无担保,,,,shmb,2021年8月10日公告：本次（2021年7月12日至2021年8月10日）不行使提前赎回权利，至2022年2月10日均不提前赎回,,113568,113568,1.1600,753667,754667,,N,N,15.920,buy,,,2.53,N,299943970.0,263836682.0,Y,15.45,17910.72,-6.08%,00,buy,buy,buy,15:00:00,176.57,9.41%,4.353,-9.83%,-10.63%,193.180,193.180,-3.11%,19030.31,Y,0,0,G,-,,N,-,buy,-,26-03-05,202.59,11.38,6.12,6.0%,5.3%,"转债占流动市值比：6.0%
转债占总市值比：5.3%",0.00,603667,sh113568,有效期：-；质押代码：113568,113568；2020-09-14 开始转股,全价：193.180 最后更新：15:00:00
127020,中金转债,sz000060,中金岭南,C,4.63,2021-06-18,2021-01-25,2026-07-19,2024-07-22,,,100.000,y,65.47,30,30,0,0.00,,,4.38,110.000,n,130.000,15,30,7,,X,38.000,34.280,AA+,AA+,无担保,,,,szmb,,,127020,127020,1.0645,080060,070060,,N,N,55.990,buy,R,,1.44,N,3650018990.0,3648891565.0,Y,4.95,34418.59,-2.94%,00,buy,buy,buy,15:14:03,106.91,9.44%,4.726,-0.65%,-1.16%,117.000,117.000,-2.59%,17566.64,Y,0,0,,-,,N,-,buy,-,26-07-19,126.44,6.02,3.24,19.0%,19.0%,"转债占流动市值比：19.0%
转债占总市值比：19.0%",0.00,000060,sz127020,有效期：-；质押代码：127020,127020；2021-01-25 开始转股,全价：117.000 最后更新：15:14:03
113614,健20转债,sh603707,健友股份,C,29.12,2021-07-15,2021-06-23,2026-12-16,2024-12-16,,,100.000,y,58.39,30,30,0,0.00,,,2.63,109.000,n,130.000,15,30,0,,X,7.800,7.798,AA,AA,无担保,,,,shmb,,,113614,113614,0.8340,753707,754707,,N,N,85.640,buy,R,,10.23,N,1216856936.0,1214111271.0,Y,34.91,16903.25,-0.46%,00,buy,buy,buy,14:57:18,119.88,9.70%,5.137,-2.76%,-3.23%,131.510,131.510,-1.00%,2712.66,Y,0,0,,-,,N,-,buy,-,26-12-16,141.21,37.86,20.38,1.8%,1.8%,"转债占流动市值比：1.8%
转债占总市值比：1.8%",0.00,603707,sh113614,有效期：-；质押代码：113614,113614；2021-06-23 开始转股,全价：131.510 最后更新：14:57:18
123035,利德转债,sz300296,利亚德,C,6.96,2021-05-24,2020-05-20,2025-11-13,2023-11-13,,,100.000,y,54.13,30,30,0,0.00,,,4.53,110.000,n,130.000,15,30,28,,N,8.000,7.988,AA+,AA+,无担保,,,,szcy,2021年8月6日公告：本次（自2021年7月19日至2021年8月6日）不行使提前赎回的权利，至2022年2月6日均不提前赎回,,123035,123035,0.3174,380296,370296,,N,N,53.270,buy,R,,2.98,N,2542901478.0,1988702066.0,Y,9.00,36022.64,-2.17%,00,buy,buy,buy,15:14:03,129.31,9.78%,4.047,-5.16%,-5.77%,141.954,141.954,-1.01%,5145.32,Y,0,0,G,-,,N,-,buy,-,25-11-13,151.73,9.05,4.87,4.5%,3.5%,"转债占流动市值比：4.5%
转债占总市值比：3.5%",0.00,300296,sz123035,有效期：-；质押代码：123035,123035；2020-05-20 开始转股,全价：141.954 最后更新：15:14:03
113027,华钰转债,sh601020,ST华钰,C,10.17,,2019-12-20,2025-06-13,2023-06-14,,,100.000,y,46.93,30,30,0,0.00,,,546.12,110.000,n,130.000,15,30,28,,N,6.400,3.106,A,A,无担保,,,,shmb,2021年10月19日公告，本次（2021年9月15日至2021年10月18日）不行使提前赎回权利，至2022年4月18日均不提前赎回,,113027,113027,1.2160,764020,783020,,N,N,4.450,buy,,,3.26,N,555223582.0,555223582.0,Y,15.17,29114.68,-0.65%,00,buy,buy,buy,14:59:58,149.16,9.97%,3.627,-9.64%,-10.24%,164.040,164.040,-0.85%,293504.06,Y,0,0,G,-,,N,-,buy,-,25-06-13,174.01,13.22,7.12,3.7%,3.7%,"转债占流动市值比：3.7%
转债占总市值比：3.7%",0.00,601020,sh113027,有效期：-；质押代码：113027,113027；2019-12-20 开始转股,全价：164.040 最后更新：14:59:58
110066,盛屯转债,sh600711,盛屯矿业,C,4.87,2021-07-14,2020-09-07,2026-03-02,2024-03-01,,,100.000,y,33.62,30,30,0,0.00,,,39.24,110.000,n,130.000,15,30,30,,N,23.860,3.834,AA,AA,无担保,,,,shmb,2021年9月18日公告：本次（2021年8月30日至2021年9月17日）不行使盛屯转债提前赎回权利，至2021年10月17日均不提前赎回,,110066,110066,1.0330,704711,733711,,N,N,33.540,buy,R,,2.42,N,2747113628.0,2605852667.0,Y,10.14,155434.47,-4.79%,00,buy,buy,buy,14:59:51,208.21,9.98%,4.345,-14.91%,-15.38%,228.990,228.990,-2.88%,35061.62,Y,0,0,G,-,,N,-,buy,-,26-03-02,238.97,6.33,3.41,1.5%,1.4%,"转债占流动市值比：1.5%
转债占总市值比：1.4%",0.00,600711,sh110066,有效期：-；质押代码：110066,110066；2020-09-07 开始转股,全价：228.990 最后更新：14:59:51
113545,金能转债,sh603113,金能科技,C,10.43,2021-05-31,2020-04-20,2025-10-13,2023-10-13,,,100.000,y,49.94,30,30,0,0.00,,,9.13,110.000,n,130.000,15,30,30,,N,15.000,9.867,AA,AA,无担保,,,,shmb,2021年7月16日公告：本次（2021年6月26日至7月16日）不行使金能转债的提前赎回权利，至2021年10月15日前均不提前赎回,,113545,113545,2.2190,753113,754113,,N,N,47.100,buy,R,,1.44,N,855069070.0,723663026.0,Y,14.62,21824.07,-5.06%,00,buy,buy,buy,14:59:59,140.17,10.06%,3.962,-7.40%,-7.98%,154.280,154.280,-5.63%,13805.28,Y,0,0,G,-,,N,-,buy,-,25-10-13,164.34,13.56,7.30,9.3%,7.9%,"转债占流动市值比：9.3%
转债占总市值比：7.9%",0.00,603113,sh113545,有效期：-；质押代码：113545,113545；2020-04-20 开始转股,全价：154.280 最后更新：14:59:59
123114,三角转债,sz300775,三角防务,C,31.82,,2021-11-30,2027-05-24,2025-05-26,,,100.000,y,45.41,30,30,0,0.00,,,29.99,115.000,n,130.000,15,30,0,,X,9.044,9.044,AA-,AA-,无,,,,szcy,,,未到转股期,123114,1.8251,380775,370775,,N,N,70.489,buy,,,10.48,N,495500000.0,264000000.0,Y,49.05,70409.87,-0.97%,00,buy,buy,buy,15:14:03,154.15,10.28%,5.573,-6.02%,-6.61%,170.000,170.000,-1.16%,47694.13,Y,0,0,,-,,N,-,buy,-,27-05-24,180.28,41.37,22.27,7.0%,3.7%,"转债占流动市值比：7.0%
转债占总市值比：3.7%",0.00,300775,sz123114,有效期：-；质押代码：123114,未到转股期；2021-11-30 开始转股,全价：170.000 最后更新：15:14:03
113537,文灿转债,sh603348,文灿股份,C,19.28,2021-06-18,2019-12-16,2025-06-09,2023-06-12,,,100.000,y,43.01,30,30,0,0.00,,,146.43,115.000,n,130.000,15,30,30,,N,8.000,1.407,AA-,AA-,无担保,,,,shmb,2021年10月27日公告：本次不行使文灿转债的提前赎回权利，至2022年4月27日前均不提前赎回,,113537,113537,3.6360,753348,754348,,N,N,18.080,buy,,,3.08,N,262167641.0,257427641.0,Y,31.38,21613.30,1.19%,00,buy,buy,buy,15:00:00,162.76,10.37%,3.616,-10.62%,-11.46%,179.640,179.640,4.56%,36504.96,Y,0,0,G,-,,N,-,buy,-,25-06-09,190.01,25.06,13.50,1.7%,1.7%,"转债占流动市值比：1.7%
转债占总市值比：1.7%",0.00,603348,sh113537,有效期：-；质押代码：113537,113537；2019-12-16 开始转股,全价：179.640 最后更新：15:00:00
113630,赛伍转债,sh603212,赛伍技术,C,32.90,,2022-05-02,2027-10-26,2025-10-27,,,100.000,y,77.31,30,30,0,0.00,,,,115.000,n,130.000,15,30,0,,X,7.000,7.000,AA-,AA-,无,,,,shmb,,,未到转股期,113630,1.7490,753212,754212,,N,N,52.070,-,,,6.12,N,400010000.0,255241976.0,Y,29.79,6926.52,-1.81%,00,buy,buy,buy,,90.55,10.44%,5.997,3.22%,2.60%,100.000,100.000,0.00%,0.00,Y,0,0,,-,,N,-,buy,-,27-10-26,110.44,42.77,23.03,9.2%,5.9%,"转债占流动市值比：9.2%
转债占总市值比：5.9%",0.00,603212,sh113630,有效期：-；质押代码：113630,未到转股期；2022-05-02 开始转股,待上市
128095,恩捷转债,sz002812,恩捷股份,C,64.92,2021-04-30,2020-08-17,2026-02-11,2024-02-12,,,100.000,y,15.75,30,30,0,0.00,,,10.90,110.000,n,130.000,15,30,30,,N,16.000,4.541,AA,AA,无担保,,,,szmb,2021年1月25日公告：本次（2021年1月4日至2021年1月22日）不行使恩捷转债的提前赎回权利，不提前赎回,,128095,128095,1.9866,082812,072812,,N,N,77.840,buy,R,,20.02,N,892406533.0,742446718.0,Y,288.60,213167.40,-2.83%,00,buy,buy,buy,15:14:03,444.55,10.49%,4.293,-29.05%,-29.43%,491.200,491.200,-3.34%,24870.33,Y,0,0,G,-,,N,-,buy,-,26-02-11,501.69,84.40,45.44,0.2%,0.2%,"转债占流动市值比：0.2%
转债占总市值比：0.2%",0.00,002812,sz128095,有效期：-；质押代码：128095,128095；2020-08-17 开始转股,全价：491.200 最后更新：15:14:03
128081,海亮转债,sz002203,海亮股份,C,9.69,2021-06-23,2020-05-27,2025-11-21,2023-11-21,,,100.000,y,67.22,30,30,0,0.00,,,2.10,110.000,n,130.000,15,30,0,,X,31.500,30.061,AA,AA,无担保,,,,szmb,,,128081,128081,1.6136,082203,072203,,N,N,64.450,buy,R,,1.92,N,1966849140.0,1862073682.0,Y,10.09,8921.21,-1.37%,00,buy,buy,buy,15:14:03,104.13,10.62%,4.068,-0.06%,-0.72%,115.190,115.190,-0.42%,7359.04,Y,0,0,,-,,N,-,buy,-,25-11-21,125.81,12.60,6.78,16.0%,15.1%,"转债占流动市值比：16.0%
转债占总市值比：15.1%",0.00,002203,sz128081,有效期：-；质押代码：128081,128081；2020-05-27 开始转股,全价：115.190 最后更新：15:14:03
128046,利尔转债,sz002258,利尔化学,C,18.42,2021-04-13,2019-04-23,2024-10-17,2022-10-17,,,100.000,y,57.00,30,30,0,0.00,,,4.61,108.000,n,130.000,20,30,28,,N,8.520,8.077,AA,AA,无担保,,,,szmb,2021年7月16日公告：本次（2021年6月3日至2021年7月15日）不提前赎回，至2021年12月31日内前均不提前赎回,,128046,128046,1.6247,082258,072258,,N,N,43.380,buy,R,,2.64,N,526767092.0,524183202.0,Y,22.62,35021.79,-4.11%,00,buy,buy,buy,15:14:03,122.80,11.07%,2.973,-6.70%,-7.33%,136.400,136.400,-2.92%,5110.49,Y,0,0,G,-,,N,-,buy,-,24-10-17,147.47,23.95,12.89,6.8%,6.8%,"转债占流动市值比：6.8%
转债占总市值比：6.8%",0.00,002258,sz128046,有效期：-；质押代码：128046,128046；2019-04-23 开始转股,全价：136.400 最后更新：15:14:03
128017,金禾转债,sz002597,金禾实业,C,21.97,2021-05-21,2018-08-07,2023-11-01,2021-11-01,,,100.000,y,35.18,30,30,0,0.00,,,8.97,106.000,n,130.000,15,30,30,,N,6.000,5.520,AA,AA,无担保,,,,szmb,公司董事会8月12日公告，本次（2020年7月1日至2020年8月11日）不行使金禾转债的提前赎回权利，不提前赎回,,128017,128017,1.0633,082597,072597,,N,N,89.139,buy,R,,4.78,N,560909624.0,559482657.0,Y,43.71,37964.27,-0.39%,00,buy,buy,buy,15:14:03,198.95,11.08%,2.011,-30.06%,-30.56%,221.000,221.000,-0.77%,11016.69,Y,0,0,G,-,,N,-,buy,-,23-11-01,232.08,28.56,15.38,2.3%,2.3%,"转债占流动市值比：2.3%
转债占总市值比：2.3%",0.00,002597,sz128017,有效期：-；质押代码：128017,128017；2018-08-07 开始转股,全价：221.000 最后更新：15:14:03
123100,朗科转债,sz300543,朗科智能,C,11.61,2021-05-26,2021-08-23,2027-02-08,2025-02-10,,,100.000,y,61.76,30,30,0,0.00,,,3.03,112.000,n,130.000,15,30,0,,X,3.800,3.799,AA-,AA-,无,,,,szcy,,,123100,123100,1.8421,380543,380543,,N,N,12.940,buy,,,3.46,N,268172388.0,207852599.0,Y,13.16,6570.00,-2.59%,00,buy,buy,buy,15:14:03,113.35,11.22%,5.285,-1.35%,-1.92%,126.066,126.066,-1.20%,1463.64,Y,0,0,,-,,N,-,buy,-,27-02-08,137.29,15.09,8.13,13.9%,10.8%,"转债占流动市值比：13.9%
转债占总市值比：10.8%",0.00,300543,sz123100,有效期：-；质押代码：123100,123100；2021-08-23 开始转股,全价：126.066 最后更新：15:14:03
127048,中大转债,sz002896,中大力德,C,22.10,,2022-05-02,2027-10-27,2025-10-27,,,100.000,y,78.01,30,30,0,0.00,,,,115.000,n,130.000,15,30,0,,X,2.700,2.700,A+,A+,股份质押和保证的担保方式,,,,szmb,,,未到转股期,127048,2.6000,082896,072896,,N,N,48.950,-,,,2.93,N,104000000.0,104000000.0,Y,19.83,2366.28,-2.41%,00,buy,buy,buy,,89.73,11.45%,6.000,3.40%,2.75%,100.000,100.000,0.00%,0.00,Y,0,0,,-,,N,-,buy,-,27-10-27,111.45,28.73,15.47,13.1%,13.1%,"转债占流动市值比：13.1%
转债占总市值比：13.1%",0.00,002896,sz127048,有效期：-；质押代码：127048,未到转股期；2022-05-02 开始转股,待上市
128048,张行转债,sz002839,张家港行,C,5.60,2021-07-08,2019-05-16,2024-11-12,,,,,y,,15,30,0,0.00,,,1.22,109.000,n,130.000,15,30,0,,X,25.000,24.975,AA+,AA+,无担保,,,,szmb,,,128048,128048,1.3831,082839,072839,,N,N,28.880,buy,R,,0.80,N,1807958723.0,1521768107.0,Y,6.23,32493.17,0.81%,00,buy,buy,buy,15:14:03,111.25,11.46%,3.044,-2.99%,-3.74%,124.000,124.000,-0.16%,3790.41,Y,0,0,,-,,N,-,buy,-,24-11-12,135.46,7.28,-,26.3%,22.2%,"转债占流动市值比：26.3%
转债占总市值比：22.2%",0.00,002839,sz128048,有效期：-；质押代码：128048,128048；2019-05-16 开始转股,全价：124.000 最后更新：15:14:03
128100,搜特转债,sz002503,搜于特,C,1.62,2021-08-17,2020-09-18,2026-03-11,2024-03-11,,,100.000,y,78.75,30,30,0,0.00,,,3.24,112.000,n,130.000,15,30,0,,X,8.000,7.993,A,A,无担保,,,,szmb,,,128100,128100,0.2622,082503,072503,,N,N,9.330,buy,R,,1.83,N,3092771219.0,2542967569.0,Y,1.44,5313.20,-2.04%,00,buy,buy,buy,15:14:03,88.89,11.55%,4.370,3.92%,3.20%,99.157,99.157,-0.74%,2563.39,Y,2,2,,-,,N,-,buy,-,26-03-11,110.71,2.11,1.13,21.8%,17.9%,"转债占流动市值比：21.8%
转债占总市值比：17.9%",0.00,002503,sz128100,有效期：-；质押代码：128100,128100；2020-09-18 开始转股,全价：99.157 最后更新：15:14:03
113049,长汽转债,sh601633,长城汽车,C,38.00,2021-10-21,2021-12-17,2027-06-09,2025-06-09,,,100.000,y,40.33,30,30,0,1.26,2021-10-29,2021-10-29,1.80,107.000,n,130.000,15,30,0,,X,35.000,35.000,AAA,AAA,无,,,,shmb,,,未到转股期,113049,0.5730,764633,783633,,N,N,86.600,buy,R,,10.25,N,9236694732.0,6079353682.0,Y,65.95,88521.41,-1.83%,00,buy,buy,buy,14:59:49,173.55,11.99%,5.616,-9.66%,-9.96%,194.360,194.360,-2.41%,12273.80,Y,0,0,,-,,N,-,buy,-,27-06-09,206.35,49.40,26.60,0.9%,0.6%,"转债占流动市值比：0.9%
转债占总市值比：0.6%",0.00,601633,sh113049,有效期：2021-10-29 到 2021-10-29；质押代码：113049,未到转股期；2021-12-17 开始转股,全价：194.360 最后更新：14:59:49
128075,远东转债,sz002406,远东传动,C,5.29,2021-07-13,2020-03-27,2025-09-23,2023-09-25,,,100.000,y,68.20,30,30,0,0.00,,,4.18,110.000,n,130.000,15,30,0,,N,8.940,5.438,AA,AA,无担保,,,,szmb,公司8月26日公告：本次（2020年7月14日至2020年8月24日）不行使远东转债的提前赎回权利，未来三个月亦不提前赎回,,128075,128075,1.5930,082406,072406,,N,N,42.076,buy,,,1.01,N,624156627.0,496147030.0,Y,5.43,2463.98,-3.04%,00,buy,buy,buy,15:14:03,102.65,12.03%,3.907,-0.16%,-0.81%,114.999,114.999,-2.44%,2626.75,Y,0,0,G,-,,N,-,buy,-,25-09-23,127.03,6.88,3.70,20.2%,16.0%,"转债占流动市值比：20.2%
转债占总市值比：16.0%",0.00,002406,sz128075,有效期：-；质押代码：128075,128075；2020-03-27 开始转股,全价：114.999 最后更新：15:14:03
110079,杭银转债,sh600926,杭州银行,C,12.99,2021-08-30,2021-10-08,2027-03-29,,,,,y,,0,0,0,0.84,2021-10-29,2021-10-29,0.84,108.000,n,130.000,15,30,0,,X,150.000,150.000,AAA,AAA,无,,,,shmb,,,110079,110079,2.5290,704926,733926,,N,N,42.340,buy,R,,0.98,Y,5930200432.0,5060397440.0,Y,14.49,28731.68,-2.75%,00,buy,buy,buy,14:59:59,111.55,12.05%,5.419,-1.97%,-2.37%,124.990,124.990,-0.18%,15718.14,Y,1,1,,-,,N,-,buy,-,27-03-29,137.04,16.89,-,20.5%,17.5%,"转债占流动市值比：20.5%
转债占总市值比：17.5%",0.00,600926,sh110079,有效期：2021-10-29 到 2021-10-29；质押代码：110079,110079；2021-10-08 开始转股,全价：124.990 最后更新：14:59:59
123060,苏试转债,sz300416,苏试试验,C,18.28,2021-04-21,2021-01-27,2026-07-20,2024-07-22,,,100.000,y,53.76,30,30,0,0.00,,,1.02,112.000,n,130.000,15,30,10,,N,3.100,3.097,AA-,AA-,无担保,,,,szcy,2021年9月3日公告：本次（2021年8月2日至2021年9月3日）不行使苏试转债的提前赎回权利，不提前赎回,,123060,123060,1.5243,380416,370416,,N,N,75.120,buy,,,5.87,N,263741274.0,261781524.0,Y,23.80,5601.87,-1.77%,00,buy,buy,buy,15:14:03,130.20,12.29%,4.729,-4.65%,-5.24%,146.200,146.200,-1.88%,463.15,Y,0,0,G,-,,N,-,buy,-,26-07-20,158.49,23.76,12.80,5.0%,4.9%,"转债占流动市值比：5.0%
转债占总市值比：4.9%",0.00,300416,sz123060,有效期：-；质押代码：123060,123060；2021-01-27 开始转股,全价：146.200 最后更新：15:14:03
113629,泉峰转债,sh603982,泉峰汽车,C,23.03,,2022-03-22,2027-09-13,2025-09-15,,,100.000,y,57.86,30,30,0,0.00,,,14.59,115.000,n,130.000,15,30,0,,X,6.200,6.200,AA-,AA-,无,,,,shmb,,,未到转股期,113629,3.0780,753982,754982,,N,N,36.230,-,,,3.45,N,201415700.0,81723140.0,Y,27.86,15464.19,-1.42%,00,buy,buy,buy,14:59:59,120.97,12.48%,5.879,-2.01%,-2.60%,136.070,136.070,-1.64%,12387.08,Y,0,0,,-,,N,-,buy,-,27-09-13,148.55,29.94,16.12,27.2%,11.0%,"转债占流动市值比：27.2%
转债占总市值比：11.0%",0.00,603982,sh113629,有效期：-；质押代码：113629,未到转股期；2022-03-22 开始转股,全价：136.070 最后更新：14:59:59
113505,杭电转债,sh603618,杭电股份,C,7.08,2021-05-28,2018-09-12,2024-03-05,2022-03-06,,,100.000,y,66.79,30,30,0,0.00,,,4.92,108.000,n,130.000,15,30,0,,X,7.800,7.498,AA,AA,无担保,,,,shmb,,,113505,113505,1.1350,753618,754618,,N,N,20.430,buy,R,,1.80,N,691045431.0,691045431.0,Y,7.42,14497.75,-3.01%,00,buy,buy,buy,14:59:34,104.80,12.58%,2.353,-2.49%,-3.35%,117.990,117.990,-0.85%,4352.73,Y,0,0,,-,,N,-,buy,-,24-03-05,130.57,9.20,4.96,14.6%,14.6%,"转债占流动市值比：14.6%
转债占总市值比：14.6%",0.00,603618,sh113505,有效期：-；质押代码：113505,113505；2018-09-12 开始转股,全价：117.990 最后更新：14:59:34
113565,宏辉转债,sh603336,宏辉果蔬,C,7.64,2021-05-17,2020-09-03,2026-02-25,2024-02-26,,,100.000,y,65.54,30,30,0,0.00,,,63.43,112.000,n,130.000,15,30,0,,X,3.320,2.253,AA-,AA-,公司实际控制人担保,,,,shmb,,,113565,113565,1.4730,753336,754336,,N,N,80.610,buy,,,3.34,N,438674829.0,438674829.0,Y,8.16,25435.95,-6.53%,00,buy,buy,buy,14:59:56,106.81,12.83%,4.332,-0.54%,-1.25%,120.510,120.510,-5.45%,17530.94,Y,0,0,,-,,N,-,buy,-,26-02-25,133.34,9.93,5.35,6.3%,6.3%,"转债占流动市值比：6.3%
转债占总市值比：6.3%",0.00,603336,sh113565,有效期：-；质押代码：113565,113565；2020-09-03 开始转股,全价：120.510 最后更新：14:59:56
113047,旗滨转债,sh601636,旗滨集团,C,12.80,2021-06-18,2021-10-15,2027-04-08,2025-04-08,,,100.000,y,56.04,30,30,0,0.00,,,9.01,110.000,n,130.000,15,30,8,,X,15.000,14.995,AA+,AA+,,,,,shmb,,,113047,113047,0.5640,764636,783636,,N,N,65.120,buy,R,,3.43,N,2686216940.0,2686216940.0,Y,15.99,107415.63,-2.50%,00,buy,buy,buy,14:59:59,124.92,12.91%,5.447,-3.88%,-4.32%,141.050,141.050,-4.23%,19430.83,Y,0,0,,-,,N,-,buy,-,27-04-08,153.96,16.64,8.96,3.5%,3.5%,"转债占流动市值比：3.5%
转债占总市值比：3.5%",0.00,601636,sh113047,有效期：-；质押代码：113047,113047；2021-10-15 开始转股,全价：141.050 最后更新：14:59:59
110043,无锡转债,sh600908,无锡银行,C,5.61,2021-07-06,2018-08-05,2024-01-30,,,,,y,,15,30,0,0.00,,,0.63,106.000,n,130.000,15,30,0,,X,30.000,29.214,AA+,AA+,无担保,,,,shmb,,,110043,110043,1.6230,704908,733908,,N,N,37.110,buy,,,0.73,N,1861674454.0,1763698917.0,Y,6.06,12996.53,-1.78%,00,buy,buy,buy,14:59:45,108.02,13.01%,2.258,-5.23%,-5.87%,122.070,122.070,-1.24%,2244.94,Y,2,2,,-,,N,-,buy,-,24-01-30,135.08,7.29,-,27.3%,25.9%,"转债占流动市值比：27.3%
转债占总市值比：25.9%",0.00,600908,sh110043,有效期：-；质押代码：110043,110043；2018-08-05 开始转股,全价：122.070 最后更新：14:59:45
128143,锋龙转债,sz002931,锋龙股份,C,12.73,2021-06-08,2021-07-14,2027-01-07,2025-01-07,,,100.000,y,65.52,30,30,0,0.00,,,59.45,115.000,n,130.000,15,30,0,,X,2.450,2.444,A+,A+,股票质押担保,,,,szmb,,,128143,128143,1.7228,082931,072931,,N,N,80.170,buy,,,3.88,N,199139126.0,178662112.0,Y,13.60,3928.41,4.13%,00,buy,buy,buy,15:14:03,106.83,13.09%,5.197,0.14%,-0.57%,120.821,120.821,1.28%,18214.09,Y,0,0,,-,,N,-,buy,-,27-01-07,133.91,16.55,8.91,10.1%,9.0%,"转债占流动市值比：10.1%
转债占总市值比：9.0%",0.00,002931,sz128143,有效期：-；质押代码：128143,128143；2021-07-14 开始转股,全价：120.821 最后更新：15:14:03
128091,新天转债,sz002873,新天药业,C,16.27,2021-07-14,2020-07-06,2025-12-30,2024-01-01,,,100.000,y,63.48,30,30,0,0.00,,,11.72,113.000,n,130.000,15,30,0,,X,1.770,1.762,A+,A+,房产抵押和股份质押,,,,szmb,,,128091,128091,1.5410,082873,072873,,N,N,46.250,buy,,,2.35,N,117160626.0,111150604.0,Y,17.94,2472.56,0.67%,00,buy,buy,buy,15:14:03,110.26,13.33%,4.175,-1.11%,-1.91%,124.966,124.966,1.98%,2566.31,Y,0,0,,-,,N,-,buy,-,25-12-30,138.30,21.15,11.39,8.8%,8.4%,"转债占流动市值比：8.8%
转债占总市值比：8.4%",0.00,002873,sz128091,有效期：-；质押代码：128091,128091；2020-07-06 开始转股,全价：124.966 最后更新：15:14:03
127027,靖远转债,sz000552,靖远煤电,C,3.13,2021-10-12,2021-06-16,2026-12-09,2024-12-09,,,100.000,y,69.78,30,30,0,0.00,,,10.69,110.000,n,130.000,15,30,3,,X,28.000,24.310,AA+,AA+,无担保,,,,szmb,,,127027,127027,1.2243,080552,070552,,N,N,35.200,buy,R,,0.86,N,2286971050.0,2283741262.0,Y,3.14,28566.11,-4.85%,00,buy,buy,buy,15:14:03,100.32,13.34%,5.118,0.28%,-0.26%,113.700,113.700,-1.65%,29298.99,Y,0,0,,-,,N,-,buy,-,26-12-09,127.04,4.07,2.19,33.9%,33.9%,"转债占流动市值比：33.9%
转债占总市值比：33.9%",0.00,000552,sz127027,有效期：-；质押代码：127027,127027；2021-06-16 开始转股,全价：113.700 最后更新：15:14:03
123063,大禹转债,sz300021,大禹节水,C,4.83,2021-06-16,2021-02-03,2026-07-27,2025-07-28,,,100.000,y,68.72,30,30,0,0.00,,,0.44,120.000,n,130.000,15,30,0,,X,6.380,6.346,AA-,AA-,无担保,,,,szcy,,,123063,123063,0.8100,380021,370021,,N,N,68.990,buy,,,2.39,N,801071451.0,639327773.0,Y,4.92,5103.21,-3.53%,00,buy,buy,buy,15:14:03,101.86,14.29%,4.748,1.73%,0.81%,116.422,116.422,-2.07%,329.23,Y,0,0,,-,,N,-,buy,-,26-07-27,130.71,6.28,3.38,20.2%,16.1%,"转债占流动市值比：20.2%
转债占总市值比：16.1%",0.00,300021,sz123063,有效期：-；质押代码：123063,123063；2021-02-03 开始转股,全价：116.422 最后更新：15:14:03
128101,联创转债,sz002036,联创电子,C,13.72,2021-06-07,2020-09-21,2026-03-16,2024-03-18,,,100.000,y,49.43,30,30,0,0.00,,,384.51,110.000,n,130.000,15,30,8,,X,3.000,2.996,AA,AA,无担保,,,,szmb,,,128101,128101,0.4208,082036,072036,,N,N,25.381,buy,R,,5.23,N,1062819286.0,1045938754.0,Y,19.43,126598.48,5.89%,00,buy,buy,buy,15:14:03,141.62,14.39%,4.384,-7.69%,-8.22%,162.000,162.000,4.82%,193093.65,Y,0,0,,-,,N,-,buy,-,26-03-16,176.39,17.84,9.60,1.5%,1.5%,"转债占流动市值比：1.5%
转债占总市值比：1.5%",0.00,002036,sz128101,有效期：-；质押代码：128101,128101；2020-09-21 开始转股,全价：162.000 最后更新：15:14:03
128029,太阳转债,sz002078,太阳纸业,C,8.45,2021-07-08,2018-06-28,2022-12-22,2020-12-22,,,100.000,y,52.67,30,30,0,0.00,,,1.00,106.000,n,130.000,15,30,30,,X,12.000,9.086,AA+,AA+,无担保,,,,szmb,,,128029,128029,0.4628,082078,072078,,N,N,73.570,buy,R,,1.65,N,2686996565.0,2612705815.0,Y,11.23,24009.25,1.54%,00,buy,buy,buy,15:14:03,132.90,14.61%,1.151,-26.58%,-27.39%,152.321,152.321,-0.05%,1389.12,Y,0,0,B,-,,N,-,buy,-,22-12-22,166.93,10.98,5.92,3.1%,3.0%,"转债占流动市值比：3.1%
转债占总市值比：3.0%",0.00,002078,sz128029,有效期：-；质押代码：128029,128029；2018-06-28 开始转股,全价：152.321 最后更新：15:14:03
128145,日丰转债,sz002953,日丰股份,C,13.66,2021-06-02,2021-09-27,2027-03-21,2025-03-21,,,100.000,y,56.48,30,30,0,0.00,,,366.68,110.000,n,130.000,30,30,0,,X,3.800,3.799,AA-,AA-,股份质押的担保方式,,,,szmb,,,128145,128145,2.1854,082953,072953,,N,N,79.780,buy,,,3.46,N,243362474.0,74760851.0,Y,16.93,21631.03,10.01%,00,buy,buy,buy,15:14:03,123.94,14.73%,5.397,-3.86%,-4.34%,142.200,142.200,13.77%,206809.95,Y,0,0,,-,,N,-,buy,-,27-03-21,156.93,17.76,9.56,30.0%,9.2%,"转债占流动市值比：30.0%
转债占总市值比：9.2%",0.00,002953,sz128145,有效期：-；质押代码：128145,128145；2021-09-27 开始转股,全价：142.200 最后更新：15:14:03
127018,本钢转债,sz000761,本钢板材,C,4.55,2021-10-13,2021-01-04,2026-06-28,2024-06-28,,,100.000,y,71.25,30,30,0,0.67,2021-10-29,2021-10-29,4.19,119.000,n,130.000,15,30,7,,X,68.000,56.312,AAA,AA+,本钢集团连带责任保证担保,,,,szmb,,,127018,127018,1.9566,080761,070761,,N,N,24.760,buy,R,,0.77,N,4108157357.0,3708157357.0,Y,4.47,25616.68,-3.25%,00,buy,buy,buy,15:14:03,98.24,15.00%,4.668,2.79%,1.77%,112.980,112.980,-2.35%,26860.07,Y,0,0,,-,,N,-,buy,-,26-06-28,127.98,5.92,3.19,34.0%,30.7%,"转债占流动市值比：34.0%
转债占总市值比：30.7%",0.00,000761,sz127018,有效期：2021-10-29 到 2021-10-29；质押代码：127018,127018；2021-01-04 开始转股,全价：112.980 最后更新：15:14:03
128107,交科转债,sz002061,浙江交科,C,5.24,2021-07-13,2020-10-28,2026-04-22,2024-04-22,,,100.000,y,71.09,30,30,0,0.00,,,0.21,110.000,n,130.000,15,30,0,,X,25.000,24.997,AA+,AA+,无担保,,,,szmb,,,128107,128107,1.8173,082061,072061,,N,N,83.390,buy,,,0.79,N,1375698691.0,1375698691.0,Y,5.16,2234.23,0.00%,00,buy,buy,buy,15:14:03,98.47,15.08%,4.485,0.32%,-0.28%,113.323,113.323,-0.74%,606.81,Y,0,0,,-,,N,-,buy,-,26-04-22,128.40,6.81,3.67,35.2%,35.2%,"转债占流动市值比：35.2%
转债占总市值比：35.2%",0.00,002061,sz128107,有效期：-；质押代码：128107,128107；2020-10-28 开始转股,全价：113.323 最后更新：15:14:03
123027,蓝晓转债,sz300487,蓝晓科技,C,29.02,2021-06-24,2019-12-17,2025-06-10,2023-06-12,,,100.000,y,25.97,30,30,0,0.00,,,46.51,113.000,n,130.000,15,30,30,,N,3.400,1.070,A+,A+,无担保,,,,szcy,2021年8月5日公告：本次（2021年6月18日至2021年7月29日）不行使提前赎回权利，至2021年10月29日前均不提前赎回,,123027,123027,1.6461,380487,370487,,N,N,71.900,buy,,,8.62,N,219785441.0,128224316.0,Y,78.23,20487.66,-3.54%,00,buy,buy,buy,15:14:03,269.57,15.25%,3.619,-23.71%,-24.33%,310.680,310.680,-4.85%,15831.38,Y,0,0,G,-,,N,-,buy,-,25-06-10,325.93,37.73,20.31,1.1%,0.6%,"转债占流动市值比：1.1%
转债占总市值比：0.6%",0.00,300487,sz123027,有效期：-；质押代码：123027,123027；2019-12-17 开始转股,全价：310.680 最后更新：15:14:03
110070,凌钢转债,sh600231,凌钢股份,C,2.69,2021-07-15,2020-10-19,2026-04-12,2024-04-12,,,100.000,y,70.26,30,30,0,0.00,,,9.96,112.000,n,130.000,15,30,10,,X,4.400,2.171,AA,AA,无担保,,,,shmb,,,110070,110070,0.1580,704231,733231,,N,N,41.940,buy,R,,0.83,N,2852129323.0,2852129323.0,Y,2.68,6748.22,-3.60%,00,buy,buy,buy,15:00:00,99.63,15.59%,4.458,0.44%,-0.25%,115.160,115.160,-2.49%,2502.82,Y,0,0,,-,,N,-,buy,-,26-04-12,130.75,3.50,1.88,2.8%,2.8%,"转债占流动市值比：2.8%
转债占总市值比：2.8%",0.00,600231,sh110070,有效期：-；质押代码：110070,110070；2020-10-19 开始转股,全价：115.160 最后更新：15:00:00
128140,润建转债,sz002929,润建股份,C,26.40,2021-06-07,2021-06-15,2026-12-04,2024-12-06,,,100.000,y,59.88,30,30,0,0.00,,,2.12,110.000,n,130.000,15,30,0,,X,10.900,10.898,AA,AA,无担保,,,,szmb,,,128140,128140,4.9377,082929,072929,,N,N,83.270,buy,,,1.93,N,220752574.0,161940825.0,Y,30.86,14372.95,1.45%,00,buy,buy,buy,15:14:03,116.89,15.85%,5.104,-3.18%,-3.68%,135.420,135.420,2.67%,3095.77,Y,0,0,,-,,N,-,buy,-,26-12-04,151.27,34.32,18.48,21.8%,16.0%,"转债占流动市值比：21.8%
转债占总市值比：16.0%",0.00,002929,sz128140,有效期：-；质押代码：128140,128140；2021-06-15 开始转股,全价：135.420 最后更新：15:14:03
113582,火炬转债,sh603678,火炬电子,C,24.99,2021-07-09,2020-12-02,2026-05-27,2024-05-27,,,100.000,y,23.42,30,30,0,0.00,,,14.44,110.000,n,130.000,15,30,30,,N,6.000,4.178,AA,AA,无担保,,,,shmb,2021年8月3日公告，本次（2021年7月14日至2021年8月3日）不行提前赎回权利，至2022年2月3日均不提前赎回,,113582,113582,1.3290,753678,754678,,N,N,73.030,buy,R,,8.05,N,459856892.0,459030092.0,Y,74.69,38904.45,-1.06%,00,buy,buy,buy,14:59:56,298.88,15.94%,4.581,-21.69%,-22.09%,346.510,346.510,0.55%,20850.71,Y,0,0,G,-,,N,-,buy,-,26-05-27,362.45,32.49,17.49,1.2%,1.2%,"转债占流动市值比：1.2%
转债占总市值比：1.2%",0.00,603678,sh113582,有效期：-；质押代码：113582,113582；2020-12-02 开始转股,全价：346.510 最后更新：14:59:56
128109,楚江转债,sz002171,楚江新材,C,8.63,2021-05-31,2020-12-10,2026-06-03,2024-06-03,,,100.000,y,61.08,30,30,0,0.00,,,1.26,110.000,n,130.000,15,30,11,,X,18.300,18.226,AA,AA,无担保,,,,szmb,,,128109,128109,1.4176,082171,072171,,N,N,78.850,buy,R,,2.18,N,1334526917.0,1244682198.0,Y,9.89,29537.52,-3.23%,00,buy,buy,buy,15:14:03,114.60,16.04%,4.600,-3.19%,-3.73%,132.987,132.987,-1.62%,3026.81,Y,0,0,,-,,N,-,buy,-,26-06-03,149.03,11.22,6.04,14.8%,13.8%,"转债占流动市值比：14.8%
转债占总市值比：13.8%",0.00,002171,sz128109,有效期：-；质押代码：128109,128109；2020-12-10 开始转股,全价：132.987 最后更新：15:14:03
113550,常汽转债,sh603035,常熟汽饰,C,9.33,2021-05-28,2020-05-22,2025-11-17,2023-11-17,,,100.000,y,55.68,30,30,0,0.00,,,6.21,115.000,n,130.000,15,30,27,,N,9.924,2.148,AA-,AA-,无担保,,,,shmb,公司2021年5月12日公告，本次（2021年4月16日至2021年5月11日）不行使常汽转债的提前赎回权利，2021年11月11日前均不提前赎回,,113550,113550,3.5440,753035,754035,,N,N,49.290,buy,,,1.07,N,360741294.0,360741294.0,Y,11.73,8098.78,0.51%,00,buy,buy,buy,14:59:55,125.72,16.15%,4.058,-4.58%,-5.41%,146.030,146.030,-0.51%,1953.26,Y,0,0,G,-,,N,-,buy,-,25-11-17,162.18,12.13,6.53,5.1%,5.1%,"转债占流动市值比：5.1%
转债占总市值比：5.1%",0.00,603035,sh113550,有效期：-；质押代码：113550,113550；2020-05-22 开始转股,全价：146.030 最后更新：14:59:55
113516,苏农转债,sh603323,苏农银行,C,5.37,2021-06-08,2019-02-11,2024-08-01,,,,,n,,15,30,0,0.00,,,0.40,110.000,n,130.000,15,30,0,,X,25.000,12.885,AA+,AA+,无担保,,,,shmb,,,113516,113516,1.7260,753323,754323,,N,N,28.630,buy,R,,0.80,N,1803070253.0,1439992019.0,Y,5.54,11401.60,-1.42%,00,buy,buy,buy,14:59:52,103.17,16.33%,2.762,-2.09%,-2.94%,120.010,120.010,-1.23%,610.95,Y,0,0,,-,,N,-,buy,-,24-08-01,136.34,6.98,-,16.2%,12.9%,"转债占流动市值比：16.2%
转债占总市值比：12.9%",0.00,603323,sh113516,有效期：-；质押代码：113516,113516；2019-02-11 开始转股,全价：120.010 最后更新：14:59:52
127045,牧原转债,sz002714,牧原股份,C,47.91,,2022-02-21,2027-08-16,2025-08-15,,,100.000,y,60.87,30,30,0,0.00,,,1.05,107.000,n,130.000,15,30,0,,X,95.500,95.500,AA+,AA+,无,,,,szmb,,,未到转股期,127045,1.8145,082714,072714,,N,N,84.360,-,R,,5.16,Y,5263062415.0,3550086604.0,Y,55.10,196300.29,-0.27%,00,buy,buy,buy,15:14:03,115.01,16.56%,5.803,-3.23%,-3.56%,134.050,134.050,-0.89%,13496.91,Y,0,0,,-,,N,-,buy,-,27-08-16,150.61,62.28,33.54,4.9%,3.3%,"转债占流动市值比：4.9%
转债占总市值比：3.3%",0.00,002714,sz127045,有效期：-；质押代码：127045,未到转股期；2022-02-21 开始转股,全价：134.050 最后更新：15:14:03
123043,正元转债,sz300645,正元智慧,C,15.38,2021-06-09,2020-09-11,2026-03-04,2024-03-04,,,100.000,y,54.13,30,30,0,0.00,,,253.97,115.000,n,130.000,15,30,22,,N,1.750,1.657,A+,A+,无担保,,,,szcy,2021年9月24日公告：本次（2021年8月11日至2021年9月23日）不提前赎回，至2021年12月23日均不提前赎回,,123043,123043,1.3815,380645,370645,,N,N,48.790,buy,,,3.70,N,127647515.0,127647515.0,Y,19.89,2388.70,0.61%,00,buy,buy,buy,15:14:03,129.32,16.61%,4.351,-5.06%,-5.82%,150.800,150.800,3.08%,63323.19,Y,0,0,G,-,,N,-,buy,-,26-03-04,167.41,19.99,10.77,6.5%,6.5%,"转债占流动市值比：6.5%
转债占总市值比：6.5%",0.00,300645,sz123043,有效期：-；质押代码：123043,123043；2020-09-11 开始转股,全价：150.800 最后更新：15:14:03
128119,龙大转债,sz002726,龙大肉食,C,9.29,2021-08-12,2021-01-18,2026-07-12,2024-07-15,,,100.000,y,66.42,30,30,0,0.00,,,0.45,115.000,n,130.000,30,15,0,,N,9.500,9.462,AA,AA,无担保,,,,szmb,"2021年2月9日公告：本次（2021年1月18日起至2021年2月9日）已有10个交易
日高于转股价的130%，未来满足条件亦不行使提前赎回权利",,128119,128119,0.9516,082726,072726,,N,N,73.670,buy,R,,2.95,N,1078434291.0,990657186.0,Y,9.79,9528.36,-1.61%,00,buy,buy,buy,15:14:03,105.38,16.71%,4.707,-0.55%,-1.27%,122.991,122.991,-1.45%,523.05,Y,0,0,G,-,,N,-,buy,-,26-07-12,139.70,12.08,6.50,9.8%,9.0%,"转债占流动市值比：9.8%
转债占总市值比：9.0%",0.00,002726,sz128119,有效期：-；质押代码：128119,128119；2021-01-18 开始转股,全价：122.991 最后更新：15:14:03
128141,旺能转债,sz002034,旺能环境,C,15.97,2021-05-31,2021-06-23,2026-12-16,2024-12-16,,,100.000,y,68.46,30,30,0,0.00,,,0.50,110.000,n,130.000,15,30,7,,X,14.000,12.703,AA,AA,无担保,,,,szmb,,,128141,128141,3.3225,082034,072034,,N,N,69.760,buy,,,1.44,N,429480149.0,425901361.0,Y,16.33,8842.79,-2.74%,00,buy,buy,buy,15:14:03,102.25,16.72%,5.137,-0.72%,-1.24%,119.350,119.350,-1.77%,762.84,Y,0,0,,-,,N,-,buy,-,26-12-16,136.07,20.76,11.18,18.3%,18.1%,"转债占流动市值比：18.3%
转债占总市值比：18.1%",0.00,002034,sz128141,有效期：-；质押代码：128141,128141；2021-06-23 开始转股,全价：119.350 最后更新：15:14:03
123091,长海转债,sz300196,长海股份,C,16.14,2021-05-18,2021-06-29,2026-12-22,2024-12-23,,,100.000,y,64.41,30,30,0,0.00,,,7.55,111.000,n,130.000,15,30,7,,X,5.500,5.498,AA,AA,,,,,szcy,,,123091,123091,1.3457,380196,370196,,N,N,77.590,buy,,,2.25,N,408712399.0,245874108.0,Y,17.54,13214.83,-0.90%,00,buy,buy,buy,15:14:03,108.67,16.86%,5.153,-1.74%,-2.28%,127.000,127.000,-3.05%,5411.65,Y,0,0,,-,,N,-,buy,-,26-12-22,143.86,20.98,11.30,12.7%,7.7%,"转债占流动市值比：12.7%
转债占总市值比：7.7%",0.00,300196,sz123091,有效期：-；质押代码：123091,123091；2021-06-29 开始转股,全价：127.000 最后更新：15:14:03
123050,聚飞转债,sz300303,聚飞光电,C,5.08,2021-06-30,2020-10-20,2026-04-13,2024-04-15,,,100.000,y,63.96,30,30,0,0.00,,,14.36,118.000,n,130.000,15,30,0,,N,7.050,3.747,AA-,AA-,无担保,,,,szcy,2021年8月10日公告：本次（2021年7月21日至2021年8月10日）不行使聚飞转债的提前赎回权利，不提前赎回,,123050,123050,0.5513,380303,370303,,N,N,43.220,buy,,,3.04,N,1342571366.0,1216263866.0,Y,5.56,20007.50,-4.96%,00,buy,buy,buy,15:14:03,109.45,16.95%,4.460,-0.76%,-1.64%,128.000,128.000,-1.81%,6941.10,Y,0,0,G,-,,N,-,buy,-,26-04-13,144.95,6.60,3.56,5.5%,5.0%,"转债占流动市值比：5.5%
转债占总市值比：5.0%",0.00,300303,sz123050,有效期：-；质押代码：123050,123050；2020-10-20 开始转股,全价：128.000 最后更新：15:14:03
110063,鹰19转债,sh600567,山鹰国际,C,3.26,2021-07-05,2020-06-19,2025-12-12,2023-12-12,,,100.000,y,70.87,30,30,0,0.00,,,0.56,111.000,n,130.000,15,30,0,,X,18.600,18.092,AA+,AA+,无担保,,,,shmb,,,110063,110063,0.4120,704567,733567,,N,N,31.650,buy,R,,0.91,N,4616156375.0,4616156375.0,Y,3.22,12841.30,0.63%,00,buy,buy,buy,14:58:07,98.77,17.09%,4.126,0.05%,-0.63%,115.650,115.650,-0.04%,1168.76,Y,0,0,,-,,N,-,buy,-,25-12-12,132.74,4.24,2.28,12.2%,12.2%,"转债占流动市值比：12.2%
转债占总市值比：12.2%",0.00,600567,sh110063,有效期：-；质押代码：110063,110063；2020-06-19 开始转股,全价：115.650 最后更新：14:58:07
113579,健友转债,sh603707,健友股份,C,32.20,2021-07-15,2020-10-29,2026-04-22,2024-04-22,,,100.000,y,64.57,30,30,0,0.00,,,4.34,109.000,n,130.000,15,30,0,,X,5.030,5.023,AA,AA,无担保,,,,shmb,,,113579,113579,0.7000,753707,754707,,N,N,89.020,buy,R,,10.23,N,1216856936.0,1214111271.0,Y,34.91,16903.25,-0.46%,00,buy,buy,buy,14:59:55,108.42,17.28%,4.485,-2.47%,-3.01%,127.150,127.150,0.96%,2756.87,Y,0,0,,-,,N,-,buy,-,26-04-22,144.43,41.86,22.54,1.2%,1.2%,"转债占流动市值比：1.2%
转债占总市值比：1.2%",0.00,603707,sh113579,有效期：-；质押代码：113579,113579；2020-10-29 开始转股,全价：127.150 最后更新：14:59:55
123031,晶瑞转债,sz300655,晶瑞电材,C,10.13,2021-05-07,2020-03-05,2025-08-28,2023-08-28,,,100.000,y,18.52,30,30,0,0.00,,,137.21,111.000,n,130.000,15,30,30,,N,1.850,0.531,A+,A+,无担保,,,,szcy,2021年9月27日公告，本次（2021年9月3日至2021年9月27日）不行使晶瑞转债的提前赎回权利，不提前赎回,,123031,123031,1.2217,380655,370655,,N,N,8.110,buy,,,8.36,N,340623385.0,287139077.0,Y,38.29,81878.19,-7.06%,00,buy,buy,buy,15:14:03,377.99,17.33%,3.836,-29.93%,-30.36%,443.500,443.500,-4.62%,33403.16,Y,0,0,G,-,,N,-,buy,-,25-08-28,460.83,13.17,7.09,0.5%,0.4%,"转债占流动市值比：0.5%
转债占总市值比：0.4%",0.00,300655,sz123031,有效期：-；质押代码：123031,123031；2020-03-05 开始转股,全价：443.500 最后更新：15:14:03
128087,孚日转债,sz002083,孚日股份,C,4.50,2021-04-28,2020-06-23,2025-12-17,2023-12-18,,,100.000,y,79.15,30,30,0,0.00,,,0.81,108.000,n,130.000,15,30,0,,X,6.500,6.498,AA-,AA-,无担保,,,,szmb,,,128087,128087,0.7403,082083,072083,,N,N,47.200,buy,,,0.96,N,908044645.0,905369444.0,Y,3.98,1524.41,-0.50%,00,buy,buy,buy,15:14:03,88.44,17.61%,4.140,2.04%,1.46%,104.022,104.022,-0.73%,550.03,Y,1,1,,-,,N,-,buy,-,25-12-17,121.63,5.85,3.15,18.0%,18.0%,"转债占流动市值比：18.0%
转债占总市值比：18.0%",0.00,002083,sz128087,有效期：-；质押代码：128087,128087；2020-06-23 开始转股,全价：104.022 最后更新：15:14:03
111000,起帆转债,sh605222,起帆电缆,C,20.53,,2021-11-29,2027-05-24,2025-05-23,,,100.000,y,68.79,30,30,0,0.00,,,0.36,115.000,n,130.000,15,30,0,,X,10.000,10.000,AA-,AA-,无,,,,shmb,,,未到转股期,111000,,715222,713222,,N,N,35.980,buy,,,2.43,N,418197000.0,100000000.0,Y,20.89,8132.45,-3.87%,00,buy,buy,buy,14:59:13,101.75,17.69%,5.573,0.11%,-0.52%,119.750,119.750,-1.29%,430.39,Y,0,0,,-,,N,-,buy,-,27-05-24,137.44,26.69,14.37,47.9%,11.4%,"转债占流动市值比：47.9%
转债占总市值比：11.4%",0.00,605222,sh111000,有效期：-；质押代码：111000,未到转股期；2021-11-29 开始转股,全价：119.750 最后更新：14:59:13
113030,东风转债,sh601515,东风股份,C,6.45,2021-05-27,2020-06-30,2025-12-23,2023-12-25,,,100.000,y,68.72,30,30,0,0.00,,,2.58,112.000,n,130.000,15,30,0,,X,2.950,2.949,AA,AA,无担保,,,,shmb,,,113030,113030,0.2210,764515,783515,,N,N,13.210,buy,R,,1.96,N,1334414782.0,1334414782.0,Y,6.57,5761.89,-1.20%,00,buy,buy,buy,14:59:36,101.86,17.77%,4.156,-0.63%,-1.34%,119.960,119.960,-0.01%,906.64,Y,0,0,,-,,N,-,buy,-,25-12-23,137.73,8.38,4.51,3.4%,3.4%,"转债占流动市值比：3.4%
转债占总市值比：3.4%",0.00,601515,sh113030,有效期：-；质押代码：113030,113030；2020-06-30 开始转股,全价：119.960 最后更新：14:59:36
128076,金轮转债,sz002722,金轮股份,C,14.66,2021-05-31,2020-04-20,2025-10-14,2023-10-13,,,100.000,y,70.29,30,30,0,0.00,,,8.33,110.000,n,130.000,15,30,0,,X,2.140,2.138,AA-,AA-,无担保,,,,szmb,,,128076,128076,1.2196,082722,072722,,N,N,37.890,buy,,,1.31,N,175477298.0,175461023.0,Y,14.60,5845.57,-1.48%,00,buy,buy,buy,15:14:03,99.59,17.78%,3.964,-0.66%,-1.30%,117.299,117.299,-0.85%,2098.13,Y,0,0,,-,,N,-,buy,-,25-10-14,135.08,19.06,10.26,8.3%,8.3%,"转债占流动市值比：8.3%
转债占总市值比：8.3%",0.00,002722,sz128076,有效期：-；质押代码：128076,128076；2020-04-20 开始转股,全价：117.299 最后更新：15:14:03
110055,伊力转债,sh600197,伊力特,C,16.41,2021-07-15,2019-09-23,2025-03-15,2023-03-15,,,100.000,y,46.89,30,30,0,0.00,,,126.19,110.000,n,130.000,15,30,30,,N,8.760,2.437,AA,AA,无担保,,,,shmb,2021年5月13日公告：本次（自2021年4月15日至2021年5月12日）不行使伊力转债提前赎回权利，至2021年11月12日前均不提前赎回,,110055,110055,1.9860,704197,733197,,N,N,21.760,buy,R,,3.06,N,471945620.0,471945620.0,Y,24.50,27861.13,-1.21%,00,buy,buy,buy,14:59:59,149.30,17.86%,3.381,-12.18%,-12.81%,175.960,175.960,-0.32%,54893.20,Y,0,0,G,-,,N,-,buy,-,25-03-15,193.82,21.33,11.49,2.1%,2.1%,"转债占流动市值比：2.1%
转债占总市值比：2.1%",0.00,600197,sh110055,有效期：-；质押代码：110055,110055；2019-09-23 开始转股,全价：175.960 最后更新：14:59:59
123073,同和转债,sz300636,同和药业,C,14.82,2021-05-18,2021-05-06,2026-10-25,2024-10-26,,,100.000,y,68.84,30,30,0,0.00,,,1.35,116.000,n,130.000,20,30,0,,X,3.600,3.589,A+,A+,无担保,,,,szcy,,,123073,123073,2.7989,380636,370636,,N,N,70.695,buy,,,3.65,N,205864225.0,170801259.0,Y,15.07,2814.51,-2.90%,00,buy,buy,buy,15:14:03,101.69,18.07%,4.995,0.31%,-0.43%,120.064,120.064,-1.17%,581.65,Y,1,1,,-,,N,-,buy,-,26-10-25,138.13,19.27,10.37,13.9%,11.6%,"转债占流动市值比：13.9%
转债占总市值比：11.6%",0.00,300636,sz123073,有效期：-；质押代码：123073,123073；2021-05-06 开始转股,全价：120.064 最后更新：15:14:03
110047,山鹰转债,sh600567,山鹰国际,C,3.30,2021-07-05,2019-05-27,2024-11-21,2022-11-21,,,100.000,y,71.74,30,30,0,0.00,,,1.40,113.000,n,130.000,15,30,0,,X,23.000,22.455,AA+,AA+,无担保,,,,shmb,,,110047,110047,0.5030,704567,733567,,N,N,14.080,buy,R,,0.91,N,4616156375.0,4616156375.0,Y,3.22,12841.30,0.63%,00,buy,buy,buy,14:59:45,97.58,18.67%,3.068,0.49%,-0.52%,115.790,115.790,0.07%,3637.06,Y,0,0,,-,,N,-,buy,-,24-11-21,134.46,4.29,2.31,15.1%,15.1%,"转债占流动市值比：15.1%
转债占总市值比：15.1%",0.00,600567,sh110047,有效期：-；质押代码：110047,110047；2019-05-27 开始转股,全价：115.790 最后更新：14:59:45
113011,光大转债,sh601818,光大银行,C,3.55,2021-07-21,2017-09-18,2023-03-17,,,,,n,,0,0,0,0.77,2021-10-29,2021-10-29,0.18,105.000,n,130.000,15,30,0,,X,300.000,241.980,AAA,AAA,无担保,,,,shmb,,,113011,113011,0.7530,764818,783818,4,N,N,,buy,R,,0.40,Y,54031917352.0,41353181852.0,Y,3.44,21415.10,-0.58%,00,buy,buy,buy,14:59:58,96.90,18.69%,1.384,-5.27%,-6.14%,115.010,115.010,-0.26%,4883.88,Y,0,0,,-,,N,-,buy,-,23-03-17,133.70,4.62,-,17.0%,13.0%,"转债占流动市值比：17.0%
转债占总市值比：13.0%",0.00,601818,sh113011,有效期：2021-10-29 到 2021-10-29；质押代码：113011,113011；2017-09-18 开始转股,全价：115.010 最后更新：14:59:58
113609,永安转债,sh603776,永安行,C,16.48,2021-06-11,2021-05-31,2026-11-23,2024-11-25,,,100.000,y,74.91,30,30,0,0.00,,,1.23,115.000,n,130.000,15,30,0,,X,8.860,7.339,AA-,AA-,无担保,,,,shmb,,,113609,113609,4.7620,753776,754776,,N,N,81.304,buy,R,,1.05,N,233444067.0,232743867.0,Y,15.40,3817.30,-3.75%,00,buy,buy,buy,14:59:55,93.45,18.75%,5.074,1.67%,0.96%,110.970,110.970,-1.50%,1002.46,Y,0,0,,-,,N,-,buy,-,26-11-23,129.72,21.42,11.54,20.5%,20.4%,"转债占流动市值比：20.5%
转债占总市值比：20.4%",0.00,603776,sh113609,有效期：-；质押代码：113609,113609；2021-05-31 开始转股,全价：110.970 最后更新：14:59:55
127028,英特转债,sz000411,英特集团,C,13.40,2021-05-27,2021-07-12,2027-01-04,2025-01-06,,,100.000,y,77.01,30,30,0,0.00,,,1.74,108.000,n,130.000,15,30,0,,X,6.000,5.999,AA+,AA+,无担保,,,,szmb,,,127028,127028,2.4102,080411,070411,,N,N,52.150,buy,,,1.61,N,248945215.0,207331476.0,Y,12.18,1987.81,0.00%,00,buy,buy,buy,15:14:03,90.90,18.84%,5.189,0.91%,0.44%,108.022,108.022,-0.96%,1129.40,Y,1,1,,-,,N,-,buy,-,27-01-04,126.86,17.42,9.38,23.8%,19.8%,"转债占流动市值比：23.8%
转债占总市值比：19.8%",0.00,000411,sz127028,有效期：-；质押代码：127028,127028；2021-07-12 开始转股,全价：108.022 最后更新：15:14:03
113610,灵康转债,sh603669,灵康药业,C,8.61,2021-05-31,2021-06-07,2026-11-30,2024-11-29,,,100.000,y,74.59,30,30,0,0.00,,,1.56,115.000,n,130.000,15,30,0,,X,5.250,4.585,AA-,AA-,控股股东灵康控股保证的担保方式,,,,shmb,,,113610,113610,0.7350,753669,754669,,N,N,78.680,buy,,,4.14,N,721166988.0,721166988.0,Y,8.08,794.08,-1.22%,00,buy,buy,buy,14:59:58,93.84,19.33%,5.093,1.58%,0.86%,111.980,111.980,-0.54%,801.72,Y,0,0,,-,,N,-,buy,-,26-11-30,131.31,11.19,6.03,7.9%,7.9%,"转债占流动市值比：7.9%
转债占总市值比：7.9%",0.00,603669,sh113610,有效期：-；质押代码：113610,113610；2021-06-07 开始转股,全价：111.980 最后更新：14:59:58
113577,春秋转债,sh603890,春秋电子,C,10.85,2021-09-03,2020-10-20,2026-04-13,2024-04-15,,,100.000,y,69.55,30,30,0,0.00,,,1.43,112.000,n,130.000,15,30,0,,N,2.400,1.780,AA-,AA-,股份质押担保和保证,,,,shmb,2021年4月7日公告，本次（2021年2月22日至2021年4月2日）不行使春秋转债提前赎回权利，不提前赎回,,113577,113577,0.8750,753890,754890,,N,N,71.240,buy,R,,2.48,N,439158125.0,387090806.0,Y,10.92,2753.63,-2.50%,00,buy,buy,buy,14:58:43,100.65,19.53%,4.460,-0.50%,-1.19%,120.300,120.300,-0.94%,307.08,Y,0,0,G,-,,N,-,buy,-,26-04-13,139.83,14.11,7.59,4.2%,3.7%,"转债占流动市值比：4.2%
转债占总市值比：3.7%",0.00,603890,sh113577,有效期：-；质押代码：113577,113577；2020-10-20 开始转股,全价：120.300 最后更新：14:58:43
123120,隆华转债,sz300263,隆华科技,C,7.76,,2022-02-07,2027-07-29,2025-07-29,,,100.000,y,54.21,30,30,0,0.00,,,3.95,115.000,n,130.000,15,30,0,,X,7.989,7.989,AA-,AA-,无,,,,szcy,,,未到转股期,123120,0.8835,380263,370263,,N,N,74.938,-,,,3.04,N,914221304.0,767911745.0,Y,10.02,30438.00,-5.38%,00,buy,buy,buy,15:14:03,129.12,19.58%,5.753,-4.21%,-4.79%,154.400,154.400,-4.26%,4938.26,Y,0,0,,-,,N,-,buy,-,27-07-29,173.98,10.09,5.43,10.4%,8.7%,"转债占流动市值比：10.4%
转债占总市值比：8.7%",0.00,300263,sz123120,有效期：-；质押代码：123120,未到转股期；2022-02-07 开始转股,全价：154.400 最后更新：15:14:03
110080,东湖转债,sh600133,东湖高新,C,6.05,2021-06-18,2021-10-18,2027-04-11,2025-04-11,,,100.000,y,78.57,30,30,0,0.00,,,3.03,110.000,n,130.000,15,30,0,,X,15.500,15.495,AA,AA,无,,,,shmb,,,110080,110080,1.9480,704133,733133,,N,N,37.440,buy,R,,0.74,Y,795469152.0,795469152.0,Y,5.39,28556.25,-10.02%,00,buy,buy,buy,14:59:58,89.09,19.75%,5.455,1.43%,0.92%,106.690,106.690,-3.34%,5066.63,Y,0,0,,-,,N,-,buy,-,27-04-11,126.44,7.87,4.24,36.1%,36.1%,"转债占流动市值比：36.1%
转债占总市值比：36.1%",0.00,600133,sh110080,有效期：-；质押代码：110080,110080；2021-10-18 开始转股,全价：106.690 最后更新：14:59:58
113044,大秦转债,sh601006,大秦铁路,C,7.18,2021-07-08,2021-06-18,2026-12-13,2024-12-13,,,100.000,y,79.53,30,30,0,0.70,2021-10-29,2021-10-29,0.32,108.000,n,120.000,15,30,0,,X,320.000,320.000,AAA,AAA,无担保,,,,shmb,,,113044,113044,2.1520,764006,783006,,N,N,72.460,buy,R,,0.78,N,14866896903.0,14866896903.0,Y,6.32,19886.24,-0.32%,00,buy,buy,buy,14:59:51,88.02,19.96%,5.129,1.56%,1.05%,105.590,105.590,-0.20%,10952.68,Y,0,0,,-,,N,-,buy,-,26-12-13,125.55,8.62,5.03,34.1%,34.1%,"转债占流动市值比：34.1%
转债占总市值比：34.1%",0.00,601006,sh113044,有效期：2021-10-29 到 2021-10-29；质押代码：113044,113044；2021-06-18 开始转股,全价：105.590 最后更新：14:59:51
128040,华通转债,sz002758,浙农股份,C,10.15,2021-06-07,2018-12-21,2024-06-13,2022-06-14,,,100.000,y,72.43,30,30,0,0.00,,,6.98,108.000,n,130.000,15,30,0,,X,2.240,2.222,AA,AA,出质人钱木水、沈剑巢、朱国良将其合法拥有的公司股票作为质押资产进行质押担保，钱木水、沈剑巢、朱国良为本次发行可转债提供连带责任保证,,,,szmb,,,128040,128040,1.0666,082758,072758,,N,N,29.770,buy,,,1.45,N,487992939.0,195027502.0,Y,9.81,3085.54,-2.78%,00,buy,buy,buy,15:14:03,96.65,20.10%,2.627,-1.61%,-2.38%,116.078,116.078,-0.62%,1819.40,Y,0,0,,-,,N,-,buy,-,24-06-13,136.18,13.20,7.11,11.6%,4.6%,"转债占流动市值比：11.6%
转债占总市值比：4.6%",0.00,002758,sz128040,有效期：-；质押代码：128040,128040；2018-12-21 开始转股,全价：116.078 最后更新：15:14:03
110053,苏银转债,sh600919,江苏银行,C,6.37,2021-06-18,2019-09-20,2025-03-13,,,,,y,,15,30,0,0.79,2021-10-29,2021-10-29,0.17,111.000,n,130.000,15,30,0,,X,200.000,200.000,AAA,AAA,无担保,,,,shmb,,,110053,110053,1.7320,704919,733919,,N,N,26.970,buy,R,,0.51,N,14769626434.0,14679864601.0,Y,6.29,45722.86,-0.79%,00,buy,buy,buy,14:59:03,98.74,20.19%,3.375,-0.10%,-1.05%,118.680,118.680,-0.52%,4000.45,Y,0,0,,-,,N,-,buy,-,25-03-13,138.87,8.28,-,21.7%,21.5%,"转债占流动市值比：21.7%
转债占总市值比：21.5%",0.00,600919,sh110053,有效期：2021-10-29 到 2021-10-29；质押代码：110053,110053；2019-09-20 开始转股,全价：118.680 最后更新：14:59:03
113050,南银转债,sh601009,南京银行,C,10.10,,2021-12-21,2027-06-14,,,,,y,,0,0,0,0.79,2021-10-29,2021-10-29,0.08,107.000,n,130.000,15,30,0,,X,200.000,200.000,AAA,AAA,无,,,,shmb,,,未到转股期,113050,1.9980,764009,783009,,N,N,67.900,buy,R,,0.88,Y,10007016973.0,8482207924.0,Y,9.94,22888.54,-1.09%,00,buy,buy,buy,14:59:26,98.42,20.36%,5.630,-1.13%,-1.49%,118.450,118.450,-0.37%,1833.57,Y,0,0,,-,,N,-,buy,-,27-06-14,138.81,13.13,-,23.7%,20.1%,"转债占流动市值比：23.7%
转债占总市值比：20.1%",0.00,601009,sh113050,有效期：2021-10-29 到 2021-10-29；质押代码：113050,未到转股期；2021-12-21 开始转股,全价：118.450 最后更新：14:59:26
123074,隆利转债,sz300752,隆利科技,C,18.34,2021-08-10,2021-05-06,2026-10-28,2024-10-29,,,100.000,y,56.48,30,30,0,0.00,,,311.91,118.000,n,130.000,15,30,2,,N,3.245,1.479,AA-,AA-,无担保,,,,szcy,2021年8月3日公告：本次（2021年6月23日至2021年8月3日）不行使提前赎回权利，至2021年11月2日均不提前赎回,,123074,123074,2.7097,380752,370752,,N,N,76.930,buy,,,5.70,N,202237114.0,64108049.0,Y,22.73,19594.51,-5.88%,00,buy,buy,buy,15:14:03,123.94,20.46%,5.000,-3.77%,-4.52%,149.300,149.300,-6.97%,69831.28,Y,0,0,G,-,,N,-,buy,-,26-10-28,169.76,23.84,12.84,10.1%,3.2%,"转债占流动市值比：10.1%
转债占总市值比：3.2%",0.00,300752,sz123074,有效期：-；质押代码：123074,123074；2021-05-06 开始转股,全价：149.300 最后更新：15:14:03
123087,明电转债,sz300739,明阳电路,C,16.32,2021-05-24,2021-06-21,2026-12-14,2025-12-15,,,100.000,y,60.93,30,30,0,0.00,,,10.93,115.000,n,130.000,15,30,0,,X,6.730,4.190,AA-,AA-,无担保,,,,szcy,,,123087,123087,2.4094,380739,370739,,N,N,84.410,buy,R,,3.27,N,294784762.0,288238762.0,Y,16.07,7967.88,-0.06%,00,buy,buy,buy,15:14:03,98.47,20.62%,5.132,0.40%,-0.30%,118.772,118.772,0.32%,5476.59,Y,1,1,,-,,N,-,buy,-,26-12-14,139.39,21.22,9.79,9.0%,8.8%,"转债占流动市值比：9.0%
转债占总市值比：8.8%",0.00,300739,sz123087,有效期：-；质押代码：123087,123087；2021-06-21 开始转股,全价：118.772 最后更新：15:14:03
110071,湖盐转债,sh600929,雪天盐业,C,6.52,2021-05-31,2021-01-18,2026-07-09,2024-07-09,,,100.000,y,73.14,30,30,0,0.00,,,1.34,110.000,n,130.000,15,30,1,,X,7.200,7.199,AA,AA,无担保,,,,shmb,,,110071,110071,0.7840,704929,733929,,N,N,78.196,buy,R,,2.14,N,931897376.0,917777376.0,Y,6.24,4732.31,-2.50%,00,buy,buy,buy,14:57:27,95.71,20.67%,4.699,-0.11%,-0.68%,115.490,115.490,-0.87%,1111.75,Y,0,0,,-,,N,-,buy,-,26-07-09,136.16,8.48,4.56,12.6%,12.4%,"转债占流动市值比：12.6%
转债占总市值比：12.4%",0.00,600929,sh110071,有效期：-；质押代码：110071,110071；2021-01-18 开始转股,全价：115.490 最后更新：14:57:27
123078,飞凯转债,sz300398,飞凯材料,C,15.56,2021-05-31,2021-06-03,2026-11-26,2024-11-26,,,100.000,y,65.73,30,30,0,0.00,,,0.36,110.000,n,120.000,15,30,5,,N,8.250,8.146,AA,AA,无担保,,,,szcy,2021年8月24日公告：本次（2021年8月3日至2021年8月23日）不提前赎回，至2021年12月31日均不行使提前赎回权利,,123078,123078,1.5992,380398,370398,,N,N,35.740,buy,R,,2.87,N,516096282.0,509837594.0,Y,16.57,10980.24,-4.11%,00,buy,buy,buy,15:14:03,106.49,20.67%,5.082,-2.17%,-2.68%,128.500,128.500,-2.48%,382.32,Y,1,1,G,-,,N,-,buy,-,26-11-26,149.17,18.67,10.89,9.6%,9.5%,"转债占流动市值比：9.6%
转债占总市值比：9.5%",0.00,300398,sz123078,有效期：-；质押代码：123078,123078；2021-06-03 开始转股,全价：128.500 最后更新：15:14:03
128097,奥佳转债,sz002614,奥佳华,C,10.39,2021-04-30,2020-09-02,2026-02-25,2024-02-26,,,100.000,y,67.47,30,30,0,0.00,,,7.71,110.000,n,130.000,15,30,15,,N,12.000,4.587,AA-,AA-,无担保,,,,szmb,2021年8月月26日公告，决定在未来半年内，即2021年12月31日前均不行使奥佳转债的提前赎回权利，不提前赎回,,128097,128097,2.1380,082614,072614,,N,N,75.270,buy,,,1.42,N,630594078.0,448067756.0,Y,10.78,20116.31,-3.84%,00,buy,buy,buy,15:14:03,103.75,21.02%,4.332,-2.07%,-2.66%,125.559,125.559,-1.52%,4426.43,Y,0,0,G,-,,N,-,buy,-,26-02-25,146.58,13.51,7.27,9.5%,6.7%,"转债占流动市值比：9.5%
转债占总市值比：6.7%",0.00,002614,sz128097,有效期：-；质押代码：128097,128097；2020-09-02 开始转股,全价：125.559 最后更新：15:14:03
127038,国微转债,sz002049,紫光国微,C,137.78,,2021-12-17,2027-06-09,2025-06-09,,,100.000,y,48.68,30,30,0,0.00,,,2.62,110.000,n,130.000,15,30,0,,X,15.000,15.000,AA+,AA+,无,,,,szmb,,,未到转股期,127038,2.4719,082049,072049,,N,N,46.570,buy,R,,17.82,N,606817968.0,606817968.0,Y,198.13,119745.86,0.47%,00,buy,buy,buy,15:14:03,143.80,21.14%,5.616,-7.29%,-7.70%,174.200,174.200,-1.19%,6914.88,Y,0,0,,-,,N,-,buy,-,27-06-09,195.34,179.11,96.45,1.2%,1.2%,"转债占流动市值比：1.2%
转债占总市值比：1.2%",0.00,002049,sz127038,有效期：-；质押代码：127038,未到转股期；2021-12-17 开始转股,全价：174.200 最后更新：15:14:03
113033,利群转债,sh601366,利群股份,C,7.01,2020-07-20,2020-10-09,2026-03-31,2024-04-01,,,100.000,y,83.31,30,30,0,0.00,,,0.69,110.000,n,130.000,15,30,0,,X,18.000,17.998,AA,AA,无担保,,,,shmb,,,113033,113033,2.0910,764366,783366,,N,N,50.370,buy,,,1.12,N,860518810.0,834038468.0,Y,5.89,596.21,-0.84%,00,buy,buy,buy,14:59:57,84.02,21.36%,4.425,2.79%,2.16%,101.970,101.970,-0.80%,1265.71,Y,0,0,,-,,N,-,buy,-,26-03-31,123.33,9.11,4.91,36.6%,35.5%,"转债占流动市值比：36.6%
转债占总市值比：35.5%",0.00,601366,sh113033,有效期：-；质押代码：113033,113033；2020-10-09 开始转股,全价：101.970 最后更新：14:59:57
128034,江银转债,sz002807,江阴银行,C,4.32,2021-05-13,2018-08-01,2024-01-26,,,,,y,,15,30,0,0.00,,,0.89,106.000,n,130.000,15,30,0,,X,20.000,17.581,AA+,AA+,无担保,,,,szmb,,,128034,128034,1.1316,082807,072807,,N,N,37.000,buy,,,0.68,N,2172009274.0,2169436191.0,Y,3.82,3350.35,-0.78%,00,buy,buy,buy,15:14:03,88.43,21.57%,2.247,0.34%,-0.36%,107.500,107.500,-0.71%,1689.02,Y,2,2,,-,,N,-,buy,-,24-01-26,129.07,5.62,-,21.2%,21.2%,"转债占流动市值比：21.2%
转债占总市值比：21.2%",0.00,002807,sz128034,有效期：-；质押代码：128034,128034；2018-08-01 开始转股,全价：107.500 最后更新：15:14:03
113570,百达转债,sh603331,百达精工,C,11.34,2021-06-30,2020-09-17,2026-03-10,2024-03-11,,,100.000,y,74.82,30,30,0,0.00,,,20.86,110.000,n,130.000,15,30,0,,X,2.800,2.799,A+,A+,股份质押的担保,,,,shmb,,,113570,113570,2.1800,753331,754331,,N,N,46.370,buy,,,2.12,N,178159037.0,178159037.0,Y,10.61,2416.69,4.12%,00,buy,buy,buy,14:59:57,93.56,21.61%,4.367,0.23%,-0.38%,113.780,113.780,1.63%,6837.12,Y,0,0,,-,,N,-,buy,-,26-03-10,135.39,14.74,7.94,14.8%,14.8%,"转债占流动市值比：14.8%
转债占总市值比：14.8%",0.00,603331,sh113570,有效期：-；质押代码：113570,113570；2020-09-17 开始转股,全价：113.780 最后更新：14:59:57
110057,现代转债,sh600420,国药现代,C,9.79,2021-06-25,2019-10-08,2025-03-31,2023-04-01,,,100.000,y,75.23,30,30,0,0.76,2021-10-29,2021-10-29,0.90,106.000,n,130.000,15,30,0,,X,16.160,16.157,AAA,AAA,无担保,,,,shmb,,,110057,110057,1.5290,704420,733420,,N,N,32.790,buy,,,1.11,N,1026964249.0,1026964249.0,Y,9.11,4164.45,-0.33%,00,buy,buy,buy,14:59:53,93.05,21.65%,3.425,-0.77%,-1.32%,113.200,113.200,-0.97%,1636.45,Y,0,0,,-,,N,-,buy,-,25-03-31,134.85,12.73,6.85,17.3%,17.3%,"转债占流动市值比：17.3%
转债占总市值比：17.3%",0.00,600420,sh110057,有效期：2021-10-29 到 2021-10-29；质押代码：110057,110057；2019-10-08 开始转股,全价：113.200 最后更新：14:59:53
127005,长证转债,sz000783,长江证券,C,7.13,2021-07-20,2018-09-17,2024-03-12,,,,,y,,15,30,0,0.81,2021-10-29,2021-10-29,0.75,105.000,n,130.000,15,30,0,,X,50.000,49.965,AAA,AAA,无担保,,,,szmb,,,127005,127005,0.9042,080783,070783,,N,N,50.330,buy,R,,1.32,N,5529948325.0,5529948325.0,Y,7.12,13651.92,-0.84%,00,buy,buy,buy,15:14:03,99.86,21.67%,2.373,-4.82%,-5.43%,121.500,121.500,-1.16%,4552.13,Y,0,0,,-,,N,-,buy,-,24-03-12,143.17,9.27,-,12.7%,12.7%,"转债占流动市值比：12.7%
转债占总市值比：12.7%",0.00,000783,sz127005,有效期：2021-10-29 到 2021-10-29；质押代码：127005,127005；2018-09-17 开始转股,全价：121.500 最后更新：15:14:03
110081,闻泰转债,sh600745,闻泰科技,C,96.67,,2022-02-03,2027-07-27,2025-07-28,,,100.000,y,62.66,30,30,0,0.00,,,3.25,108.000,n,130.000,15,30,0,,X,86.000,86.000,AA+,AA+,无,,,,shmb,,,未到转股期,110081,6.9070,704745,733745,,N,N,55.670,-,R,,4.42,N,1245059542.0,935457110.0,Y,108.00,175048.77,1.79%,00,buy,buy,buy,14:59:59,111.72,21.74%,5.748,-3.37%,-3.73%,136.010,136.010,0.16%,38681.75,Y,0,0,,-,,N,-,buy,-,27-07-27,157.75,125.67,67.67,8.5%,6.4%,"转债占流动市值比：8.5%
转债占总市值比：6.4%",0.00,600745,sh110081,有效期：-；质押代码：110081,未到转股期；2022-02-03 开始转股,全价：136.010 最后更新：14:59:59
128073,哈尔转债,sz002615,哈尔斯,C,5.71,2021-08-03,2020-02-28,2024-08-22,2022-08-22,,,100.000,y,71.63,30,30,0,0.00,,,77.14,112.000,n,130.000,15,30,0,,X,3.000,2.988,AA-,AA-,股份质押的担保方式,,,,szmb,,,128073,128073,0.7309,082615,072615,,N,N,27.880,buy,,,2.65,N,412180490.0,230897465.0,Y,5.58,12207.22,2.95%,00,buy,buy,buy,15:14:03,97.72,22.08%,2.819,-1.46%,-2.36%,119.300,119.300,0.73%,27739.70,Y,0,0,,-,,N,-,buy,-,24-08-22,141.38,7.42,4.00,23.2%,13.0%,"转债占流动市值比：23.2%
转债占总市值比：13.0%",0.00,002615,sz128073,有效期：-；质押代码：128073,128073；2020-02-28 开始转股,全价：119.300 最后更新：15:14:03
128129,青农转债,sz002958,青农商行,C,4.32,2021-07-07,2021-03-01,2026-08-24,,,,,y,,0,0,0,0.72,2021-10-29,2021-10-29,0.26,108.000,n,130.000,15,30,0,,X,50.000,49.998,AAA,AAA,无担保,,,,szmb,,,128129,128129,0.8999,082958,072958,,N,N,63.730,buy,R,,0.64,N,5555598049.0,2705600735.0,Y,3.80,5520.72,-1.04%,00,buy,buy,buy,15:14:03,87.96,22.21%,4.825,0.87%,0.41%,107.503,107.503,-0.60%,1411.31,Y,1,1,,-,,N,-,buy,-,26-08-24,129.71,5.62,-,48.6%,23.7%,"转债占流动市值比：48.6%
转债占总市值比：23.7%",0.00,002958,sz128129,有效期：2021-10-29 到 2021-10-29；质押代码：128129,128129；2021-03-01 开始转股,全价：107.503 最后更新：15:14:03
128090,汽模转2,sz002510,天汽模,C,4.23,2021-06-30,2020-07-03,2025-12-27,2023-12-27,,,100.000,y,73.66,30,30,0,0.00,,,3.75,110.000,n,130.000,15,30,0,,X,4.710,3.102,AA-,AA-,无担保,,,,szmb,,,128090,128090,0.5114,082510,072510,,N,N,41.350,buy,,,1.80,N,941568193.0,931268742.0,Y,4.02,6338.47,-2.19%,00,buy,buy,buy,15:14:03,95.04,22.27%,4.167,-0.28%,-0.91%,116.200,116.200,-0.43%,1347.15,Y,0,0,,-,,N,-,buy,-,25-12-27,138.47,5.50,2.96,8.3%,8.2%,"转债占流动市值比：8.3%
转债占总市值比：8.2%",0.00,002510,sz128090,有效期：-；质押代码：128090,128090；2020-07-03 开始转股,全价：116.200 最后更新：15:14:03
