bond_id,bond_nm,stock_id,stock_nm,btype,convert_price,convert_price_valid_from,convert_dt,maturity_dt,next_put_dt,put_dt,put_notes,put_price,put_inc_cpn_fl,put_convert_price_ratio,put_count_days,put_total_days,put_real_days,repo_discount_rt,repo_valid_from,repo_valid_to,turnover_rt,redeem_price,redeem_inc_cpn_fl,redeem_price_ratio,redeem_count_days,redeem_total_days,redeem_real_days,redeem_dt,redeem_flag,orig_iss_amt,curr_iss_amt,rating_cd,issuer_rating_cd,guarantor,ssc_dt,esc_dt,sc_notes,market_cd,force_redeem,real_force_redeem_price,convert_cd,repo_cd,ration,ration_cd,apply_cd,online_offline_ratio,qflag,qflag2,ration_rt,fund_rt,margin_flg,lt_bps,pb,pb_flag,total_shares,float_shares,sqflg,sprice,svolume,sincrease_rt,qstatus,bond_value,bond_value2,volatility_rate,last_time,convert_value,premium_rt,year_left,ytm_rt,ytm_rt_tax,price,full_price,increase_rt,volume,convert_price_valid,adj_scnt,adj_cnt,redeem_icon,ref_yield_info,adjust_tip,adjusted,option_tip,bond_value3,left_put_year,short_maturity_dt,dblow,force_redeem_price,put_convert_price,convert_amt_ratio,convert_amt_ratio2,convert_amt_ratio_tips,stock_net_value,stock_cd,pre_bond_id,repo_valid,convert_cd_tip,price_tips
113637,华翔转债,sh603112,华翔股份,C,12.99,,2022-06-28,2027-12-22,2025-12-22,,,100.000,y,66.13,30,30,0,0.00,,,,115.000,n,130.000,15,30,0,,X,8.000,8.000,AA-,AA-,无,,,,shmb,,,未到转股期,113637,1.8300,753112,754112,,N,N,77.900,-,,,3.02,N,436090490.0,153864926.0,Y,13.75,1203.79,-0.43%,00,buy,buy,buy,,105.85,-5.53%,5.926,3.33%,2.70%,100.000,100.000,0.00%,0.00,Y,0,0,,-,,N,-,buy,-,27-12-22,94.47,16.89,9.09,37.8%,13.3%,"转债占流动市值比：37.8%
转债占总市值比：13.3%",0.00,603112,sh113637,有效期：-；质押代码：113637,未到转股期；2022-06-28 开始转股,待上市
127052,杭锅转债,sz002534,杭锅股份,C,28.08,,2022-06-30,2027-12-23,2025-12-23,,,100.000,y,66.14,30,30,0,0.00,,,,110.000,n,130.000,15,30,0,,X,11.100,11.100,AA,AA,无,,,,szmb,,,未到转股期,127052,1.5445,082534,072534,,N,N,72.180,-,,,6.36,N,739201050.0,725645705.0,Y,29.72,5010.58,-0.87%,00,buy,buy,buy,,105.84,-5.52%,5.929,2.44%,1.97%,100.000,100.000,0.00%,0.00,Y,0,0,,-,,N,-,buy,-,27-12-23,94.48,36.50,19.66,5.1%,5.1%,"转债占流动市值比：5.1%
转债占总市值比：5.1%",0.00,002534,sz127052,有效期：-；质押代码：127052,未到转股期；2022-06-30 开始转股,待上市
123136,城市转债,sz300778,新城市,C,21.18,,2022-07-27,2028-01-20,2026-01-20,,,100.000,y,66.28,30,30,0,,,,,115.000,n,130.000,15,30,0,,X,4.600,4.600,AA-,AA-,无,,,,szcy,,,未到转股期,123136,3.6800,380778,370778,,N,N,,-,,,2.81,N,125000000.0,57622625.0,Y,22.37,11392.76,4.29%,00,buy,buy,buy,,105.62,-5.32%,5.997,3.24%,2.62%,100.000,100.000,0.00%,0.00,Y,0,0,,-,,N,-,buy,-,28-01-20,94.68,27.53,14.83,35.7%,16.5%,"转债占流动市值比：35.7%
转债占总市值比：16.5%",0.00,300778,sz123136,有效期：-；质押代码：123136,未到转股期；2022-07-27 开始转股,待上市
113638,台21转债,sh603055,台华新材,C,16.87,,2022-07-05,2027-12-28,2025-12-29,,,100.000,y,68.30,30,30,0,0.00,,,,112.000,n,130.000,15,30,0,,X,6.000,6.000,AA,AA,,,,,shmb,,,未到转股期,113638,0.6910,753055,754055,,N,N,60.150,-,,,4.18,N,868874372.0,804671904.0,Y,17.29,2959.59,-3.41%,00,buy,buy,buy,,102.49,-2.43%,5.942,2.74%,2.21%,100.000,100.000,0.00%,0.00,Y,0,0,,-,,N,-,buy,-,27-12-28,97.57,21.93,11.81,4.3%,4.0%,"转债占流动市值比：4.3%
转债占总市值比：4.0%",0.00,603055,sh113638,有效期：-；质押代码：113638,未到转股期；2022-07-05 开始转股,待上市
128050,钧达转债,sz002865,钧达股份,C,14.81,2021-11-26,2019-06-14,2024-12-10,2022-12-10,,,100.000,y,17.33,30,30,0,0.00,,,257.80,118.000,n,130.000,15,30,30,2022-01-27,Y,3.200,0.427,AA-,AA-,中汽塑料,,,,szmb,"最后交易日：2022年1月27日
最后转股日：2022年1月27日
赎回价：100.21元/张",100.210,128050,128050,2.6298,082865,072865,,N,N,17.350,buy,,,7.86,N,137291465.0,133915115.0,Y,59.82,16433.02,1.13%,00,buy,buy,buy,12:43:03,403.92,-0.62%,2.893,-,-,401.400,401.400,1.11%,45368.02,Y,1,1,R,-,,N,-,buy,-,24-12-10,400.78,19.25,10.37,0.5%,0.5%,"转债占流动市值比：0.5%
转债占总市值比：0.5%",0.00,002865,sz128050,有效期：-；质押代码：128050,128050；2019-06-14 开始转股,全价：401.400 最后更新：12:43:03
128106,华统转债,sz002840,华统股份,C,9.37,2021-06-30,2020-10-16,2026-04-09,2024-04-09,,,100.000,y,35.96,30,30,0,0.00,,,22.01,108.000,n,130.000,15,30,0,,N,5.500,4.096,AA,AA,连带责任保证,,,,szmb,2021年12月25日公告：本次（2021年12月6日至2021年12月24日）不提前赎回，至2022年6月26日均不提前赎回,,128106,128106,1.9826,082840,072840,,N,N,67.140,buy,,,4.79,N,456240764.0,444778364.0,Y,18.24,8264.07,-1.08%,00,buy,buy,buy,12:43:03,194.66,-0.51%,4.222,-12.21%,-12.65%,193.660,193.660,-1.19%,17589.03,Y,0,0,G,-,,N,-,buy,-,26-04-09,193.15,12.18,6.56,5.0%,4.9%,"转债占流动市值比：5.0%
转债占总市值比：4.9%",0.00,002840,sz128106,有效期：-；质押代码：128106,128106；2020-10-16 开始转股,全价：193.660 最后更新：12:43:03
113591,胜达转债,sh603687,大胜达,C,8.76,2021-06-11,2021-01-08,2026-06-30,2024-07-01,,,100.000,y,50.14,30,30,0,0.00,,,12.24,116.000,n,130.000,15,30,10,,X,5.500,5.168,AA-,AA-,股票质押担保,,,,shmb,,,113591,113591,1.3300,753687,754687,,N,N,69.650,buy,,,2.77,N,414413879.0,145371179.0,Y,12.23,2723.02,0.74%,00,buy,buy,buy,11:29:52,139.61,-0.44%,4.447,-3.00%,-3.79%,138.990,138.990,-0.01%,8861.71,Y,2,2,,-,,N,-,buy,-,26-06-30,138.55,11.39,6.13,29.1%,10.2%,"转债占流动市值比：29.1%
转债占总市值比：10.2%",0.00,603687,sh113591,有效期：-；质押代码：113591,113591；2021-01-08 开始转股,全价：138.990 最后更新：11:29:52
113026,核能转债,sh601985,中国核电,C,5.73,2021-07-16,2019-10-21,2025-04-14,2023-04-17,,,100.000,y,55.48,30,30,0,0.86,2022-01-19,2022-01-19,5.64,105.000,n,130.000,15,30,15,,Y,78.000,64.155,AAA,AAA,无担保,,,,shmb,,,113026,113026,0.5010,764985,783985,,N,N,79.230,buy,R,,1.70,N,17522710852.0,17074949659.0,Y,7.23,78119.02,-1.90%,00,buy,buy,buy,11:29:58,126.18,-0.29%,3.236,-4.35%,-4.84%,125.820,125.820,-0.32%,45810.36,Y,0,0,O,-,,N,-,buy,-,25-04-14,125.53,7.45,4.01,5.2%,5.1%,"转债占流动市值比：5.2%
转债占总市值比：5.1%",0.00,601985,sh113026,有效期：2022-01-19 到 2022-01-19；质押代码：113026,113026；2019-10-21 开始转股,全价：125.820 最后更新：11:29:58
127011,中鼎转2,sz000887,中鼎股份,C,11.39,2021-06-07,2019-09-16,2025-03-08,2023-03-08,,,100.000,y,32.11,30,30,0,0.00,,,11.05,110.000,n,130.000,15,30,11,,X,12.000,11.987,AA+,AA+,无担保,,,,szmb,,,127011,127011,0.9829,080887,070887,,N,N,63.530,buy,R,,3.20,N,1211364474.0,1208772051.0,Y,24.83,39300.59,-3.31%,00,buy,buy,buy,12:43:03,218.00,0.23%,3.134,-18.94%,-19.55%,218.501,218.501,-3.16%,29534.87,Y,0,0,,-,,N,-,buy,-,25-03-08,218.73,14.81,7.97,4.0%,4.0%,"转债占流动市值比：4.0%
转债占总市值比：4.0%",0.00,000887,sz127011,有效期：-；质押代码：127011,127011；2019-09-16 开始转股,全价：218.501 最后更新：12:43:03
123111,东财转3,sz300059,东方财富,C,23.35,2021-05-27,2021-10-13,2027-04-06,2025-04-07,,,100.000,y,49.14,30,30,0,0.00,,,4.12,107.000,n,130.000,15,30,11,,X,158.000,150.817,AA+,AA+,无,,,,szcy,,,123111,123111,1.8344,380059,370059,,N,N,71.340,buy,R,,8.40,N,10366327855.0,8592810347.0,Y,33.26,341542.13,0.54%,00,buy,buy,buy,12:43:03,142.44,0.63%,5.214,-4.92%,-5.26%,143.333,143.333,0.66%,89487.29,Y,0,0,,-,,N,-,buy,-,27-04-06,143.96,30.36,16.34,5.3%,4.4%,"转债占流动市值比：5.3%
转债占总市值比：4.4%",0.00,300059,sz123111,有效期：-；质押代码：123111,123111；2021-10-13 开始转股,全价：143.333 最后更新：12:43:03
128094,星帅转债,sz002860,星帅尔,C,13.80,2021-06-08,2020-07-22,2026-01-16,2024-01-16,,,100.000,y,44.07,30,30,0,0.00,,,8.97,115.000,n,130.000,15,30,11,,X,2.800,2.089,A+,A+,股份质押和保证,,,,szmb,,,128094,128094,2.3897,082860,072860,,N,N,75.030,buy,,,3.72,N,204206647.0,147145649.0,Y,21.92,4054.92,-1.97%,00,buy,buy,buy,12:43:03,158.84,1.47%,3.995,-7.19%,-7.97%,161.177,161.177,-2.29%,3060.60,Y,0,0,,-,,N,-,buy,-,26-01-16,162.65,17.94,9.66,6.5%,4.7%,"转债占流动市值比：6.5%
转债占总市值比：4.7%",0.00,002860,sz128094,有效期：-；质押代码：128094,128094；2020-07-22 开始转股,全价：161.177 最后更新：12:43:03
128085,鸿达转债,sz002002,鸿达兴业,C,3.91,2021-06-22,2020-06-22,2025-12-16,2023-12-18,,,100.000,y,49.67,30,30,0,0.00,,,10.55,118.000,n,130.000,15,30,0,,N,24.270,3.391,B,B,无担保,,,,szmb,2021年12月11日公告：本次不提前赎回鸿达转债，至2022年12月8日前均不提前赎回,,128085,128085,0.9374,082002,072002,,N,N,26.280,buy,R,,1.65,N,3120485457.0,3116603421.0,Y,5.51,29559.65,-1.61%,00,buy,buy,buy,12:43:03,140.92,1.50%,3.910,-3.70%,-4.66%,143.040,143.040,-1.36%,5182.18,Y,0,0,G,-,,N,-,buy,-,25-12-16,144.54,5.08,2.74,2.0%,2.0%,"转债占流动市值比：2.0%
转债占总市值比：2.0%",0.00,002002,sz128085,有效期：-；质押代码：128085,128085；2020-06-22 开始转股,全价：143.040 最后更新：12:43:03
127007,湖广转债,sz000665,湖北广电,C,5.58,2020-07-17,2019-01-04,2024-06-28,2022-06-28,,,100.000,y,38.11,30,30,0,0.00,,,525.72,108.000,n,130.000,15,30,10,,X,17.336,4.702,AA+,AA+,无担保,,,,szmb,,,127007,127007,2.7248,080665,070665,,N,N,16.550,buy,R,,1.75,N,1014363870.0,1014306085.0,Y,10.25,125885.79,0.69%,00,buy,buy,buy,12:43:03,183.69,1.58%,2.441,-19.34%,-19.97%,186.601,186.601,2.81%,464484.28,Y,1,1,,-,,N,-,buy,-,24-06-28,188.18,7.25,3.91,4.5%,4.5%,"转债占流动市值比：4.5%
转债占总市值比：4.5%",0.00,000665,sz127007,有效期：-；质押代码：127007,127007；2019-01-04 开始转股,全价：186.601 最后更新：12:43:03
123043,正元转债,sz300645,正元智慧,C,15.38,2021-06-09,2020-09-11,2026-03-04,2024-03-04,,,100.000,y,43.46,30,30,0,0.00,,,110.09,115.000,n,130.000,15,30,17,2022-02-17,Y,1.750,1.647,A+,A+,无担保,,,,szcy,"最后交易日：2022年2月17日
最后转股日：2022年2月17日
赎回价：100.67元/张",100.670,123043,123043,1.3815,380645,370645,,N,N,48.790,buy,,,4.53,N,127655315.0,127655315.0,Y,24.77,16492.06,3.29%,00,buy,buy,buy,12:43:03,161.05,1.66%,4.123,-7.25%,-8.02%,163.726,163.726,-0.05%,29704.26,Y,0,0,R,-,,N,-,buy,-,26-03-04,165.39,19.99,10.77,5.2%,5.2%,"转债占流动市值比：5.2%
转债占总市值比：5.2%",0.00,300645,sz123043,有效期：-；质押代码：123043,123043；2020-09-11 开始转股,全价：163.726 最后更新：12:43:03
113626,伯特转债,sh603596,伯特利,C,36.01,2021-10-28,2022-01-05,2027-06-28,2025-06-27,,,100.000,y,30.08,30,30,0,0.00,,,6.03,116.000,n,130.000,15,30,10,,X,9.020,9.016,AA,AA,无,,,,shmb,,,113626,113626,2.2130,753596,754596,,N,N,70.636,buy,,,10.30,N,408446000.0,406626000.0,Y,83.81,18341.67,-0.36%,00,buy,buy,buy,11:29:54,232.74,1.94%,5.441,-11.79%,-12.34%,237.250,237.250,-0.94%,13008.80,Y,0,0,,-,,N,-,buy,-,27-06-28,239.19,46.81,25.21,2.6%,2.6%,"转债占流动市值比：2.6%
转债占总市值比：2.6%",0.00,603596,sh113626,有效期：-；质押代码：113626,113626；2022-01-05 开始转股,全价：237.250 最后更新：11:29:54
113541,荣晟转债,sh603165,荣晟环保,C,10.84,2021-05-17,2020-02-03,2025-07-22,2023-07-24,,,100.000,y,42.97,30,30,0,0.00,,,9.05,110.000,n,130.000,15,30,0,,N,3.300,1.628,AA-,AA-,股份质押和保证,,,,shmb,2021年11月22日公告：本次（2021年10月12日至2021年11月22日）不行使提前赎回权利，至2022年5月22日均不提前赎回,,113541,113541,1.8600,753165,754165,,N,N,24.502,buy,,,2.64,N,263201890.0,263201890.0,Y,17.66,1217.08,-1.06%,00,buy,buy,buy,11:29:57,162.92,2.11%,3.507,-10.32%,-10.94%,166.350,166.350,-1.02%,2464.99,Y,1,1,G,-,,N,-,buy,-,25-07-22,168.46,14.09,7.59,3.5%,3.5%,"转债占流动市值比：3.5%
转债占总市值比：3.5%",0.00,603165,sh113541,有效期：-；质押代码：113541,113541；2020-02-03 开始转股,全价：166.350 最后更新：11:29:57
123092,天壕转债,sz300332,天壕环境,C,5.19,2021-07-12,2021-06-30,2026-12-23,2024-12-23,,,100.000,y,34.02,30,30,0,0.00,,,34.36,115.000,n,130.000,15,30,11,,X,4.230,4.167,A+,A+,无,,,,szcy,,,123092,123092,0.4805,380332,370332,,N,N,55.430,buy,,,2.71,N,881408921.0,841982571.0,Y,10.68,19154.78,4.71%,00,buy,buy,buy,12:43:03,205.78,2.15%,4.929,-10.77%,-11.39%,210.211,210.211,2.62%,30294.69,Y,0,0,,-,,N,-,buy,-,26-12-23,212.36,6.75,3.63,4.6%,4.4%,"转债占流动市值比：4.6%
转债占总市值比：4.4%",0.00,300332,sz123092,有效期：-；质押代码：123092,123092；2021-06-30 开始转股,全价：210.211 最后更新：12:43:03
113017,吉视转债,sh601929,吉视传媒,C,2.23,2021-12-08,2018-07-03,2023-12-27,2021-12-27,,,100.000,y,51.01,30,30,0,0.00,,,106.88,106.000,n,130.000,15,30,0,,X,15.600,15.584,AA+,AA+,无担保,,,,shmb,,,113017,113017,0.5010,764929,783929,,N,N,3.800,buy,R,,1.36,N,3111176649.0,3111176649.0,Y,3.06,50067.83,10.07%,00,buy,buy,buy,11:30:00,137.22,2.16%,1.937,-12.89%,-13.51%,140.180,140.180,9.39%,232338.41,Y,1,1,,-,,N,-,buy,-,23-12-27,142.34,2.90,1.56,16.4%,16.4%,"转债占流动市值比：16.4%
转债占总市值比：16.4%",0.00,601929,sh113017,有效期：-；质押代码：113017,113017；2018-07-03 开始转股,全价：140.180 最后更新：11:30:00
128046,利尔转债,sz002258,利尔化学,C,18.42,2021-04-13,2019-04-23,2024-10-17,2022-10-17,,,100.000,y,40.38,30,30,0,0.00,,,5.47,108.000,n,130.000,20,30,11,,X,8.520,8.076,AA,AA,无担保,,,,szmb,,,128046,128046,1.6247,082258,072258,,N,N,43.380,buy,R,,3.72,N,526773275.0,524181885.0,Y,31.93,11719.74,-4.11%,00,buy,buy,buy,12:43:03,173.34,2.25%,2.745,-15.79%,-16.39%,177.247,177.247,-2.99%,7948.19,Y,0,0,,-,,N,-,buy,-,24-10-17,179.50,23.95,12.89,4.8%,4.8%,"转债占流动市值比：4.8%
转债占总市值比：4.8%",0.00,002258,sz128046,有效期：-；质押代码：128046,128046；2019-04-23 开始转股,全价：177.247 最后更新：12:43:03
128013,洪涛转债,sz002325,洪涛股份,C,2.31,2021-12-13,2017-02-06,2022-07-29,2020-07-29,,,100.000,y,57.75,30,30,0,0.00,,,5.77,108.000,n,130.000,15,30,0,,X,12.000,10.607,A-,A-,无担保,,,,szmb,,,128013,128013,0.9980,082325,072325,10,N,N,,buy,R,,1.27,N,1325359461.0,1003074122.0,Y,2.80,1996.43,1.45%,00,buy,buy,buy,12:43:03,121.21,2.31%,0.523,-24.68%,-27.15%,124.010,124.010,1.77%,7561.73,Y,3,3,,-,,N,-,buy,-,22-07-29,126.32,3.00,1.62,37.8%,28.6%,"转债占流动市值比：37.8%
转债占总市值比：28.6%",0.00,002325,sz128013,有效期：-；质押代码：128013,128013；2017-02-06 开始转股,全价：124.010 最后更新：12:43:03
123085,万顺转2,sz300057,万顺新材,C,6.20,2021-05-17,2021-06-17,2026-12-10,2024-12-10,,,100.000,y,48.01,30,30,0,0.00,,,5.63,108.000,n,130.000,15,30,11,,X,9.000,8.512,AA-,AA-,无担保,,,,szcy,,,123085,123085,1.3341,380057,370057,,N,N,66.940,buy,,,1.72,N,683644894.0,507430086.0,Y,9.04,9554.65,-3.42%,00,buy,buy,buy,12:43:03,145.81,2.51%,4.893,-5.67%,-6.10%,149.470,149.470,-3.35%,7254.86,Y,0,0,,-,,N,-,buy,-,26-12-10,151.98,8.06,4.34,18.6%,13.8%,"转债占流动市值比：18.6%
转债占总市值比：13.8%",0.00,300057,sz123085,有效期：-；质押代码：123085,123085；2021-06-17 开始转股,全价：149.470 最后更新：12:43:03
128103,同德转债,sz002360,同德化工,C,5.08,2021-05-25,2020-10-09,2026-03-25,2024-03-25,,,100.000,y,39.21,30,30,0,0.00,,,28.95,115.000,n,130.000,15,30,11,,X,1.440,0.884,A+,A+,土地、固定资产等抵押方式,,,,szmb,,,128103,128103,0.3859,082360,072360,,N,N,31.100,buy,,,2.70,N,402376378.0,312278270.0,Y,9.07,2772.39,-1.63%,00,buy,buy,buy,12:43:03,178.54,2.68%,4.181,-9.61%,-10.35%,183.330,183.330,-2.92%,4739.45,Y,0,0,,-,,N,-,buy,-,26-03-25,186.01,6.60,3.56,3.1%,2.4%,"转债占流动市值比：3.1%
转债占总市值比：2.4%",0.00,002360,sz128103,有效期：-；质押代码：128103,128103；2020-10-09 开始转股,全价：183.330 最后更新：12:43:03
123073,同和转债,sz300636,同和药业,C,14.82,2021-05-18,2021-05-06,2026-10-25,2024-10-26,,,100.000,y,44.28,30,30,0,0.00,,,12.83,116.000,n,130.000,20,30,4,,X,3.600,3.581,A+,A+,无担保,,,,szcy,,,123073,123073,2.7989,380636,370636,,N,N,70.695,buy,,,5.53,N,205906321.0,169027590.0,Y,23.43,3150.25,2.72%,00,buy,buy,buy,12:43:03,158.10,2.70%,4.767,-5.95%,-6.66%,162.361,162.361,2.76%,7400.27,Y,1,1,,-,,N,-,buy,-,26-10-25,165.06,19.27,10.37,9.0%,7.4%,"转债占流动市值比：9.0%
转债占总市值比：7.4%",0.00,300636,sz123073,有效期：-；质押代码：123073,123073；2021-05-06 开始转股,全价：162.361 最后更新：12:43:03
123012,万顺转债,sz300057,万顺新材,C,5.27,2021-05-17,2019-01-26,2024-07-20,2022-07-20,,,100.000,y,40.81,30,30,0,0.00,,,35.12,106.000,n,130.000,15,30,11,,X,9.500,1.225,AA-,AA-,无担保,,,,szcy,,,123012,123012,2.1607,380057,370057,,N,N,2.190,buy,,,1.72,N,683644894.0,507430086.0,Y,9.04,9554.65,-3.42%,00,buy,buy,buy,12:43:03,171.54,2.73%,2.501,-17.63%,-18.15%,176.217,176.217,-3.18%,7706.37,Y,0,0,,-,,N,-,buy,-,24-07-20,178.95,6.85,3.69,2.7%,2.0%,"转债占流动市值比：2.7%
转债占总市值比：2.0%",0.00,300057,sz123012,有效期：-；质押代码：123012,123012；2019-01-26 开始转股,全价：176.217 最后更新：12:43:03
128113,比音转债,sz002832,比音勒芬,C,14.60,2021-07-07,2020-12-21,2026-06-14,2024-06-14,,,100.000,y,41.68,30,30,0,0.00,,,4.11,112.000,n,130.000,15,30,11,,X,6.890,2.979,AA,AA,无担保,,,,szmb,,,128113,128113,1.3147,082832,072832,,N,N,85.110,buy,,,4.51,N,550326712.0,369037012.0,Y,24.52,2278.65,0.08%,00,buy,buy,buy,12:43:03,167.95,2.77%,4.403,-8.62%,-9.21%,172.600,172.600,-1.65%,2128.79,Y,0,0,,-,,N,-,buy,-,26-06-14,175.37,18.98,10.22,3.3%,2.2%,"转债占流动市值比：3.3%
转债占总市值比：2.2%",0.00,002832,sz128113,有效期：-；质押代码：128113,128113；2020-12-21 开始转股,全价：172.600 最后更新：12:43:03
113549,白电转债,sh603861,白云电器,C,9.06,2021-11-16,2020-05-21,2025-11-14,2023-11-14,,,100.000,y,52.33,30,30,0,0.00,,,18.12,110.000,n,130.000,15,30,12,,X,8.800,8.048,AA,AA,无担保,,,,shmb,,,113549,113549,1.9470,753861,753861,,N,N,62.480,buy,,,1.96,N,435981858.0,421289381.0,Y,12.12,8191.29,-3.04%,00,buy,buy,buy,11:29:59,133.77,3.42%,3.822,-4.96%,-5.58%,138.350,138.350,-3.72%,20468.46,Y,0,0,,-,,N,-,buy,-,25-11-14,141.77,11.78,6.34,15.8%,15.2%,"转债占流动市值比：15.8%
转债占总市值比：15.2%",0.00,603861,sh113549,有效期：-；质押代码：113549,113549；2020-05-21 开始转股,全价：138.350 最后更新：11:29:59
128096,奥瑞转债,sz002701,奥瑞金,C,4.50,2021-06-09,2020-08-17,2026-02-11,2024-02-12,,,100.000,y,47.09,30,30,0,0.00,,,6.33,110.000,n,130.000,15,30,11,,X,10.870,5.663,AA+,AA+,无担保,,,,szmb,,,128096,128096,0.4614,082701,072701,,N,N,58.210,buy,R,,2.22,N,2447652008.0,2445438132.0,Y,6.69,8010.42,0.75%,00,buy,buy,buy,12:43:03,148.67,3.68%,4.066,-7.00%,-7.61%,154.143,154.143,0.94%,5519.51,Y,0,0,,-,,N,-,buy,-,26-02-11,157.82,5.85,3.15,3.5%,3.5%,"转债占流动市值比：3.5%
转债占总市值比：3.5%",0.00,002701,sz128096,有效期：-；质押代码：128096,128096；2020-08-17 开始转股,全价：154.143 最后更新：12:43:03
132018,G三峡EB1,sh600900,长江电力,E,16.74,2021-07-16,2020-04-13,2024-04-09,2023-04-10,,,100.000,y,51.28,30,30,0,0.92,2022-01-19,2022-01-19,0.28,108.000,y,120.000,15,30,26,,X,200.000,160.494,AAA,AAA,长江电力A股股票及其孳息,,,,shmb,,,132018,132018,,,759001,,N,N,100.000,buy,R,,2.96,N,22741859230.0,22741859230.0,Y,22.85,39364.18,-0.04%,00,buy,buy,buy,11:29:35,136.50,3.69%,2.222,-10.97%,-11.66%,141.150,141.542,0.46%,6338.20,Y,0,0,B,-,,N,-,buy,-,24-04-09,144.84,20.09,11.72,3.1%,3.1%,"转债占流动市值比：3.1%
转债占总市值比：3.1%",0.00,600900,sh132018,有效期：2022-01-19 到 2022-01-19；质押代码：132018,132018；2020-04-13 开始转股,全价：141.542 最后更新：11:29:35
123078,飞凯转债,sz300398,飞凯材料,C,15.56,2021-05-31,2021-06-03,2026-11-26,2024-11-26,,,100.000,y,35.44,30,30,0,0.00,,,99.59,110.000,n,120.000,15,30,11,,X,8.250,7.199,AA,AA,无担保,,,,szcy,,,123078,123078,1.5992,380398,370398,,N,N,35.740,buy,R,,5.13,N,516098134.0,509839254.0,Y,30.73,110872.46,0.72%,00,buy,buy,buy,12:43:03,197.49,3.80%,4.855,-11.41%,-11.86%,205.000,205.000,-0.11%,150082.54,Y,1,1,,-,,N,-,buy,-,26-11-26,208.80,18.67,10.89,4.6%,4.5%,"转债占流动市值比：4.6%
转债占总市值比：4.5%",0.00,300398,sz123078,有效期：-；质押代码：123078,123078；2021-06-03 开始转股,全价：205.000 最后更新：12:43:03
128128,齐翔转2,sz002408,齐翔腾达,C,5.69,2021-09-29,2021-02-26,2026-08-19,2024-08-19,,,100.000,y,39.55,30,30,0,0.00,,,1.99,110.000,n,130.000,15,30,11,,X,29.900,6.806,AA,AA,无担保,,,,szmb,,,128128,128128,1.7102,082408,072408,,N,N,76.460,buy,R,,2.30,N,2842637146.0,2771179688.0,Y,10.07,18946.73,-3.54%,00,buy,buy,buy,12:43:03,176.98,4.35%,4.584,-9.98%,-10.47%,184.677,184.677,-2.80%,2553.58,Y,0,0,,-,,N,-,buy,-,26-08-19,189.03,7.40,3.98,2.4%,2.4%,"转债占流动市值比：2.4%
转债占总市值比：2.4%",0.00,002408,sz128128,有效期：-；质押代码：128128,128128；2021-02-26 开始转股,全价：184.677 最后更新：12:43:03
128082,华锋转债,sz002806,华锋股份,C,9.13,2021-03-23,2020-06-10,2025-12-03,2023-12-04,,,100.000,y,45.95,30,30,0,0.00,,,6.76,115.000,n,130.000,15,30,11,,X,3.520,2.036,A,A,土地、房产、机器设备等资产抵 押和股份质押担保,,,,szmb,,,128082,128082,1.9995,082806,072806,,N,N,5.530,buy,,,2.27,N,191703355.0,139230770.0,Y,13.91,1770.34,-0.57%,00,buy,buy,buy,12:43:03,152.35,4.79%,3.874,-7.12%,-7.94%,159.650,159.650,-0.56%,2207.23,Y,2,2,,-,,N,-,buy,-,25-12-03,164.44,11.87,6.39,10.5%,7.6%,"转债占流动市值比：10.5%
转债占总市值比：7.6%",0.00,002806,sz128082,有效期：-；质押代码：128082,128082；2020-06-10 开始转股,全价：159.650 最后更新：12:43:03
113537,文灿转债,sh603348,文灿股份,C,19.28,2021-06-18,2019-12-16,2025-06-09,2023-06-12,,,100.000,y,21.77,30,30,0,0.00,,,62.22,115.000,n,130.000,15,30,0,,N,8.000,1.406,AA-,AA-,无担保,,,,shmb,2021年10月27日公告：本次不行使文灿转债的提前赎回权利，至2022年4月27日前均不提前赎回,,113537,113537,3.6360,753348,754348,,N,N,18.080,buy,,,6.11,N,262171258.0,257431258.0,Y,61.98,10922.66,-2.01%,00,buy,buy,buy,11:30:00,321.47,4.83%,3.389,-26.56%,-27.25%,336.990,336.990,-3.98%,30225.13,Y,0,0,G,-,,N,-,buy,-,25-06-09,341.82,25.06,13.50,0.9%,0.9%,"转债占流动市值比：0.9%
转债占总市值比：0.9%",0.00,603348,sh113537,有效期：-；质押代码：113537,113537；2019-12-16 开始转股,全价：336.990 最后更新：11:30:00
123086,海兰转债,sz300065,海兰信,C,7.27,2021-07-15,2021-06-17,2026-12-10,2024-12-10,,,100.000,y,34.29,30,30,0,0.00,,,63.13,118.000,n,130.000,15,30,11,,X,7.300,4.817,AA-,AA-,无担保,,,,szcy,,,123086,123086,1.8358,380065,370065,,N,N,59.780,buy,R,,5.33,N,629856814.0,561691887.0,Y,14.84,41476.49,0.47%,00,buy,buy,buy,12:43:03,204.13,5.26%,4.893,-10.91%,-11.59%,214.864,214.864,1.87%,65637.98,Y,1,1,,-,,N,-,buy,-,26-12-10,220.12,9.45,5.09,5.8%,5.2%,"转债占流动市值比：5.8%
转债占总市值比：5.2%",0.00,300065,sz123086,有效期：-；质押代码：123086,123086；2021-06-17 开始转股,全价：214.864 最后更新：12:43:03
113585,寿仙转债,sh603896,寿仙谷,C,28.38,2021-06-30,2020-12-15,2026-06-08,2024-06-10,,,100.000,y,37.36,30,30,0,0.00,,,13.33,112.000,n,130.000,15,30,0,,N,3.600,1.008,AA-,AA-,连带责任保证,,,,shmb,2021年9月1日公告：本次（2021年8月11日至2021年8月31日）不行使提前赎回权利，至2022年2月28日均不提前赎回,,113585,113585,2.5080,753896,754896,,N,N,82.309,buy,,,5.39,N,152498417.0,152498417.0,Y,53.18,5408.92,-0.34%,00,buy,buy,buy,11:29:49,187.39,5.37%,4.386,-11.40%,-11.97%,197.460,197.460,-0.03%,2671.34,Y,0,0,G,-,,N,-,buy,-,26-06-08,202.83,36.89,19.87,1.2%,1.2%,"转债占流动市值比：1.2%
转债占总市值比：1.2%",0.00,603896,sh113585,有效期：-；质押代码：113585,113585；2020-12-15 开始转股,全价：197.460 最后更新：11:29:49
123083,朗新转债,sz300682,朗新科技,C,15.39,2021-12-23,2021-06-15,2026-12-08,2024-12-09,,,100.000,y,29.87,30,30,0,0.00,,,5.91,110.000,n,130.000,15,30,1,,X,8.000,6.010,AA,AA,无担保,,,,szcy,,,123083,123083,0.7833,380682,370682,,N,N,77.260,buy,,,6.80,N,1045521166.0,737572050.0,Y,36.07,5983.90,-1.72%,00,buy,buy,buy,12:43:03,234.37,5.42%,4.888,-14.71%,-15.13%,247.067,247.067,-2.16%,8899.79,Y,0,0,,-,,N,-,buy,-,26-12-08,252.49,20.01,10.77,2.3%,1.6%,"转债占流动市值比：2.3%
转债占总市值比：1.6%",0.00,300682,sz123083,有效期：-；质押代码：123083,123083；2021-06-15 开始转股,全价：247.067 最后更新：12:43:03
113053,隆22转债,sh601012,隆基股份,C,82.65,,2022-07-11,2028-01-04,2026-01-05,,,100.000,y,73.88,30,30,0,0.00,,,,107.000,n,130.000,15,30,0,,X,70.000,70.000,AAA,AAA,无,,,,shmb,,,未到转股期,113053,1.2930,764012,783012,,N,N,62.100,-,R,,9.21,N,5412952708.0,5412832854.0,Y,78.31,146713.65,-1.51%,00,buy,buy,buy,,94.75,5.54%,5.962,1.82%,1.47%,100.000,100.000,0.00%,0.00,Y,0,0,,-,,N,-,buy,-,28-01-04,105.54,107.44,57.85,1.7%,1.7%,"转债占流动市值比：1.7%
转债占总市值比：1.7%",0.00,601012,sh113053,有效期：-；质押代码：113053,未到转股期；2022-07-11 开始转股,待上市
123089,九洲转2,sz300040,九洲集团,C,5.68,2021-07-14,2021-06-25,2026-12-20,2024-12-20,,,100.000,y,43.93,30,30,0,0.00,,,12.20,115.000,n,130.000,15,30,0,,N,5.000,3.063,AA-,AA-,无担保,,,,szcy,2021年10月26日公告：本次（截至2021年10月26日）不行使九洲转2的提前赎回权利，至2022年1月29日均不提前赎回,,123089,123089,1.3144,380040,370040,,N,N,61.460,buy,,,2.01,N,587645532.0,455302906.0,Y,9.05,8540.30,-0.44%,00,buy,buy,buy,12:43:03,159.33,5.69%,4.921,-6.67%,-7.32%,168.400,168.400,-0.80%,6287.35,Y,0,0,G,-,,N,-,buy,-,26-12-20,174.09,7.38,3.98,7.4%,5.8%,"转债占流动市值比：7.4%
转债占总市值比：5.8%",0.00,300040,sz123089,有效期：-；质押代码：123089,123089；2021-06-25 开始转股,全价：168.400 最后更新：12:43:03
128081,海亮转债,sz002203,海亮股份,C,9.69,2021-06-23,2020-05-27,2025-11-21,2023-11-21,,,100.000,y,54.66,30,30,0,0.00,,,0.74,110.000,n,130.000,15,30,2,,X,31.500,30.055,AA,AA,无担保,,,,szmb,,,128081,128081,1.6136,082203,072203,,N,N,64.450,buy,R,,2.30,N,1966736307.0,1923941740.0,Y,12.41,8413.46,-2.13%,00,buy,buy,buy,12:43:03,128.07,5.83%,3.841,-4.41%,-5.04%,135.539,135.539,-0.56%,3028.87,Y,0,0,,-,,N,-,buy,-,25-11-21,141.37,12.60,6.78,12.6%,12.3%,"转债占流动市值比：12.6%
转债占总市值比：12.3%",0.00,002203,sz128081,有效期：-；质押代码：128081,128081；2020-05-27 开始转股,全价：135.539 最后更新：12:43:03
113534,鼎胜转债,sh603876,鼎胜新材,C,15.18,2020-07-24,2019-10-16,2025-04-08,2023-04-10,,,100.000,y,29.19,30,30,0,0.00,,,4.93,110.000,n,130.000,15,30,0,,N,12.540,4.038,AA-,AA-,无担保,,,,shmb,2021年10月29日公告：本次（2021年10月8日至2021年10月28日）不提前赎回，至2022年1月28日均不提前赎回,,113534,113534,2.9160,753876,754876,,N,N,46.940,buy,,,3.73,N,485976499.0,485976499.0,Y,36.40,7810.10,-3.70%,00,buy,buy,buy,11:29:55,239.79,6.41%,3.219,-22.41%,-22.96%,255.160,255.160,-2.85%,5143.26,Y,1,1,G,-,,N,-,buy,-,25-04-08,261.57,19.73,10.63,2.3%,2.3%,"转债占流动市值比：2.3%
转债占总市值比：2.3%",0.00,603876,sh113534,有效期：-；质押代码：113534,113534；2019-10-16 开始转股,全价：255.160 最后更新：11:29:55
128093,百川转债,sz002455,百川股份,C,5.77,2021-05-27,2020-07-09,2026-01-03,2024-01-03,,,100.000,y,31.63,30,30,0,0.00,,,10.15,120.000,n,130.000,20,30,11,,X,5.200,1.614,AA-,AA-,自有资产抵押担保,,,,szmb,,,128093,128093,1.0314,082455,072455,,N,N,19.690,buy,,,4.00,N,565949304.0,450664327.0,Y,12.77,5745.83,-1.08%,00,buy,buy,buy,12:43:03,221.32,6.79%,3.959,-14.56%,-15.51%,236.340,236.340,-1.48%,3903.73,Y,0,0,,-,,N,-,buy,-,26-01-03,243.13,7.50,4.04,2.8%,2.2%,"转债占流动市值比：2.8%
转债占总市值比：2.2%",0.00,002455,sz128093,有效期：-；质押代码：128093,128093；2020-07-09 开始转股,全价：236.340 最后更新：12:43:03
123052,飞鹿转债,sz300665,飞鹿股份,C,7.05,2021-06-03,2020-12-11,2026-06-04,2024-06-04,,,100.000,y,48.48,30,30,0,0.00,,,9.45,120.000,n,130.000,15,30,0,,N,1.770,1.504,A+,A+,无担保,,,,szcy,2021年8月24日公告：本次（2021年8月4日至2021年8月24日）不提前赎回，至2022年2月24日均不提前赎回,,123052,123052,1.4612,380665,370665,,N,N,75.366,buy,,,3.23,N,173398120.0,132959648.0,Y,10.18,2179.16,0.30%,00,buy,buy,buy,12:43:03,144.40,6.81%,4.375,-4.48%,-5.42%,154.229,154.229,-0.48%,2209.21,Y,0,0,G,-,,N,-,buy,-,26-06-04,161.04,9.16,4.93,11.1%,8.5%,"转债占流动市值比：11.1%
转债占总市值比：8.5%",0.00,300665,sz123052,有效期：-；质押代码：123052,123052；2020-12-11 开始转股,全价：154.229 最后更新：12:43:03
113548,石英转债,sh603688,石英股份,C,14.93,2021-05-28,2020-05-06,2025-10-27,2023-10-27,,,100.000,y,18.43,30,30,0,0.00,,,20.07,118.000,n,130.000,15,30,11,,X,3.600,1.202,AA-,AA-,股份质押和保证,,,,shmb,,,113548,113548,1.0780,753688,754688,,N,N,43.700,buy,R,,9.67,N,353147440.0,353147440.0,Y,56.72,12654.77,-4.33%,00,buy,buy,buy,11:29:57,379.91,7.14%,3.773,-27.44%,-28.14%,407.020,407.020,-4.74%,9961.32,Y,0,0,,-,,N,-,buy,-,25-10-27,414.16,19.41,10.45,0.6%,0.6%,"转债占流动市值比：0.6%
转债占总市值比：0.6%",0.00,603688,sh113548,有效期：-；质押代码：113548,113548；2020-05-06 开始转股,全价：407.020 最后更新：11:29:57
128091,新天转债,sz002873,新天药业,C,11.62,2021-11-10,2020-07-06,2025-12-30,2024-01-01,,,100.000,y,36.62,30,30,0,0.00,,,195.53,113.000,n,130.000,15,30,0,,N,1.770,1.547,A+,A+,房产抵押和股份质押,,,,szmb,2022年1月13日公告：本次（2021年12月22日至2022年1月12日）不提前赎回，至2022年6月30日均不提前赎回,,128091,128091,1.5410,082873,072873,,N,N,46.250,buy,,,4.08,N,164048027.0,155115979.0,Y,22.21,22276.08,-4.18%,00,buy,buy,buy,12:43:03,191.14,7.31%,3.948,-13.19%,-13.86%,205.110,205.110,-3.99%,63634.22,Y,0,0,G,-,,N,-,buy,-,25-12-30,212.42,15.11,8.13,4.5%,4.2%,"转债占流动市值比：4.5%
转债占总市值比：4.2%",0.00,002873,sz128091,有效期：-；质押代码：128091,128091；2020-07-06 开始转股,全价：205.110 最后更新：12:43:03
123097,美力转债,sz300611,美力科技,C,9.28,2021-07-09,2021-08-02,2027-01-26,2025-01-27,,,100.000,y,55.05,30,30,0,0.00,,,6.78,115.000,n,130.000,15,30,6,,X,3.000,2.999,A+,A+,无,,,,szcy,,,123097,123097,1.7295,380611,370611,,N,N,57.250,buy,,,2.62,N,178963188.0,121740438.0,Y,11.80,2597.89,-1.42%,00,buy,buy,buy,12:43:03,127.16,7.69%,5.022,-2.39%,-3.10%,136.936,136.936,-1.62%,2815.76,Y,0,0,,-,,N,-,buy,-,27-01-26,144.63,12.06,6.50,20.9%,14.2%,"转债占流动市值比：20.9%
转债占总市值比：14.2%",0.00,300611,sz123097,有效期：-；质押代码：123097,123097；2021-08-02 开始转股,全价：136.936 最后更新：12:43:03
132014,18中化EB,sh601117,中国化学,E,7.39,2021-09-10,2019-04-25,2023-04-24,2022-04-24,,,100.000,y,46.69,30,30,0,0.96,2022-01-19,2022-01-19,0.00,106.000,y,130.000,15,30,0,,N,35.000,14.906,AAA,AAA,预备用于交换的中国化学股票设定为本次债券的担保物,,,,shmb,2021年8月19日公告：本次（2021年7月8日至2021年8月18日）不提前赎回，至2022年3月18日均不提前赎回,,132014,132014,,,,,Q,Q,,buy,R,,1.37,N,6109470588.0,4933000000.0,Y,11.08,60213.58,-0.63%,00,buy,buy,buy,00:00:00,149.93,7.83%,1.260,-27.64%,-28.45%,161.000,161.668,0.00%,0.00,Y,0,0,G,-,,N,-,buy,-,23-04-24,168.83,9.61,5.17,2.7%,2.2%,"转债占流动市值比：2.7%
转债占总市值比：2.2%",0.00,601117,sh132014,有效期：2022-01-19 到 2022-01-19；质押代码：132014,132014；2019-04-25 开始转股,全价：161.668 最后更新：00:00:00
113567,君禾转债,sh603617,君禾股份,C,10.58,2021-12-09,2020-09-10,2026-03-03,2024-03-04,,,100.000,y,56.15,30,30,0,0.00,,,6.30,113.000,n,130.000,15,30,0,,X,2.100,2.099,A+,A+,股票质押担保,,,,shmb,,,113567,113567,1.4730,753617,754617,,N,N,70.840,buy,,,4.58,N,259301043.0,199462981.0,Y,13.19,1077.04,1.15%,00,buy,buy,buy,11:29:34,124.67,8.29%,4.121,-3.13%,-3.88%,135.000,135.000,0.54%,1794.22,Y,0,0,,-,,N,-,buy,-,26-03-03,143.29,13.75,7.41,8.0%,6.1%,"转债占流动市值比：8.0%
转债占总市值比：6.1%",0.00,603617,sh113567,有效期：-；质押代码：113567,113567；2020-09-10 开始转股,全价：135.000 最后更新：11:29:34
128130,景兴转债,sz002067,景兴纸业,C,3.40,,2021-03-04,2026-08-30,2024-08-30,,,100.000,y,67.66,30,30,0,0.00,,,0.95,110.000,n,130.000,15,30,0,,X,12.800,9.987,AA,AA,无担保,,,,szmb,,,128130,128130,1.1519,082067,072067,,N,N,53.140,buy,R,,0.90,N,1193928835.0,1056303835.0,Y,4.02,2950.74,0.25%,00,buy,buy,buy,12:43:03,118.24,8.36%,4.614,-2.40%,-2.95%,128.126,128.126,0.22%,1215.20,Y,0,0,,-,,N,-,buy,-,26-08-30,136.49,4.42,2.72,23.5%,20.8%,"转债占流动市值比：23.5%
转债占总市值比：20.8%",0.00,002067,sz128130,有效期：-；质押代码：128130,128130；2021-03-04 开始转股,全价：128.126 最后更新：12:43:03
123024,岱勒转债,sz300700,岱勒新材,C,14.10,2021-06-01,2019-09-27,2024-03-21,2022-03-21,,,100.000,y,50.85,30,30,0,0.00,,,159.41,110.000,n,130.000,15,30,2,,X,2.100,2.097,A+,A+,无担保,,,,szcy,,,123024,123024,2.5485,380700,370700,,N,N,55.940,buy,,,4.03,N,107137593.0,74276829.0,Y,19.41,19976.00,-6.41%,00,buy,buy,buy,12:43:03,137.66,8.66%,2.170,-12.46%,-13.34%,149.587,149.587,-7.09%,51340.34,Y,1,1,,-,,N,-,buy,-,24-03-21,158.25,18.33,9.87,14.5%,10.1%,"转债占流动市值比：14.5%
转债占总市值比：10.1%",0.00,300700,sz123024,有效期：-；质押代码：123024,123024；2019-09-27 开始转股,全价：149.587 最后更新：12:43:03
127040,国泰转债,sz002091,江苏国泰,C,9.02,,2022-01-13,2027-07-06,2025-07-07,,,100.000,y,50.84,30,30,0,0.00,,,0.65,108.000,n,130.000,15,30,4,,X,45.574,44.836,AA+,AA+,无,,,,szmb,,,127040,127040,2.9100,082091,072091,,N,N,65.940,buy,R,,1.98,N,1563536598.0,1513016522.0,Y,12.42,16994.37,-3.72%,00,buy,buy,buy,12:43:03,137.69,8.76%,5.463,-5.17%,-5.55%,149.747,149.747,-1.81%,4432.81,Y,0,0,,-,,N,-,buy,-,27-07-06,158.51,11.73,6.31,23.9%,23.1%,"转债占流动市值比：23.9%
转债占总市值比：23.1%",0.00,002091,sz127040,有效期：-；质押代码：127040,127040；2022-01-13 开始转股,全价：149.747 最后更新：12:43:03
123046,天铁转债,sz300587,天铁股份,C,6.73,2021-12-07,2020-09-25,2026-03-18,2024-03-18,,,100.000,y,25.05,30,30,0,0.00,,,12.95,112.000,n,130.000,15,30,0,,N,3.990,0.591,AA-,AA-,无担保,,,,szcy,2021年12月28日公告：本次（2021年12月7日至2021年12月27日）不提前赎回，至2022年6月27日均不提前赎回,,123046,123046,2.1957,380587,370587,,N,N,52.910,buy,,,6.91,N,628245517.0,478444620.0,Y,18.81,4310.94,-1.31%,00,buy,buy,buy,12:43:03,279.49,8.76%,4.162,-20.71%,-21.24%,303.987,303.987,-0.96%,2343.04,Y,0,0,G,-,,N,-,buy,-,26-03-18,312.75,8.75,4.71,0.7%,0.5%,"转债占流动市值比：0.7%
转债占总市值比：0.5%",0.00,300587,sz123046,有效期：-；质押代码：123046,123046；2020-09-25 开始转股,全价：303.987 最后更新：12:43:03
128111,中矿转债,sz002738,中矿资源,C,15.45,2022-01-06,2020-12-17,2026-06-10,2024-06-10,,,100.000,y,19.13,30,30,0,0.00,,,46.45,118.000,n,130.000,15,30,0,,N,8.000,1.447,AA-,AA-,无担保,,,,szmb,2021年1月28日公告，本次（2020年12月17日至2021年1月28日）不行使提前赎回权利不提前赎回，至2022年1月28日前均不提前赎回,,128111,128111,2.8784,082738,072738,,N,N,70.254,buy,,,4.92,N,325175572.0,296108329.0,Y,56.54,55082.83,-6.03%,00,buy,buy,buy,12:43:03,365.95,8.87%,4.392,-23.66%,-24.30%,398.401,398.401,-5.82%,27150.19,Y,0,0,G,-,,N,-,buy,-,26-06-10,407.27,20.09,10.81,0.9%,0.8%,"转债占流动市值比：0.9%
转债占总市值比：0.8%",0.00,002738,sz128111,有效期：-；质押代码：128111,128111；2020-12-17 开始转股,全价：398.401 最后更新：12:43:03
127027,靖远转债,sz000552,靖远煤电,C,3.13,2021-10-12,2021-06-16,2026-12-09,2024-12-09,,,100.000,y,55.05,30,30,0,0.00,,,14.54,110.000,n,130.000,15,30,0,,X,28.000,24.307,AA+,AA+,无担保,,,,szmb,,,127027,127027,1.2243,080552,070552,,N,N,35.200,buy,R,,1.09,N,2350879797.0,2347628690.0,Y,3.98,68888.24,7.57%,00,buy,buy,buy,12:43:03,127.16,9.11%,4.890,-3.85%,-4.36%,138.740,138.740,3.49%,49373.25,Y,0,0,,-,,N,-,buy,-,26-12-09,147.85,4.07,2.19,26.0%,26.0%,"转债占流动市值比：26.0%
转债占总市值比：26.0%",0.00,000552,sz127027,有效期：-；质押代码：127027,127027；2021-06-16 开始转股,全价：138.740 最后更新：12:43:03
123027,蓝晓转债,sz300487,蓝晓科技,C,29.02,2021-06-24,2019-12-17,2025-06-10,2023-06-12,,,100.000,y,19.79,30,30,0,0.00,,,40.07,113.000,n,130.000,15,30,0,,N,3.400,1.070,A+,A+,无担保,,,,szcy,2021年11月1日公告：本次（2021年9月9日至2021年10月29日）不行使提前赎回权利，至2022年1月29日前均不提前赎回,,123027,123027,1.6461,380487,370487,,N,N,71.900,buy,,,11.31,N,219785441.0,128363816.0,Y,102.66,30422.84,-4.94%,00,buy,buy,buy,12:43:03,353.76,9.40%,3.392,-29.86%,-30.45%,387.030,387.030,-4.08%,16880.78,Y,0,0,G,-,,N,-,buy,-,25-06-10,396.43,37.73,20.31,0.8%,0.5%,"转债占流动市值比：0.8%
转债占总市值比：0.5%",0.00,300487,sz123027,有效期：-；质押代码：123027,123027；2019-12-17 开始转股,全价：387.030 最后更新：12:43:03
123133,佩蒂转债,sz300673,佩蒂股份,C,19.92,,2022-06-28,2027-12-21,2025-12-22,,,100.000,y,76.70,30,30,0,0.00,,,,115.000,n,130.000,15,30,0,,X,7.200,7.200,AA-,AA-,无,,,,szcy,,,未到转股期,123133,2.8412,380673,370673,,N,N,81.350,-,,,2.77,N,253411200.0,159177000.0,Y,18.18,2721.90,1.00%,00,buy,buy,buy,,91.27,9.57%,5.923,3.26%,2.64%,100.000,100.000,0.00%,0.00,Y,0,0,,-,,N,-,buy,-,27-12-21,109.57,25.90,13.94,24.9%,15.6%,"转债占流动市值比：24.9%
转债占总市值比：15.6%",0.00,300673,sz123133,有效期：-；质押代码：123133,未到转股期；2022-06-28 开始转股,待上市
123075,贝斯转债,sz300580,贝斯特,C,23.74,2021-05-24,2021-05-06,2026-11-01,2024-11-01,,,100.000,y,49.09,30,30,0,0.00,,,8.96,110.000,n,130.000,15,30,6,,X,6.000,5.997,AA-,AA-,无担保,,,,szcy,,,123075,123075,3.0000,380580,370580,,N,N,84.750,buy,,,3.51,N,200010790.0,186527665.0,Y,33.85,7284.65,-4.05%,00,buy,buy,buy,12:43:03,142.59,9.61%,4.786,-6.30%,-6.81%,156.300,156.300,-2.45%,8516.37,Y,0,0,,-,,N,-,buy,-,26-11-01,165.91,30.86,16.62,9.5%,8.9%,"转债占流动市值比：9.5%
转债占总市值比：8.9%",0.00,300580,sz123075,有效期：-；质押代码：123075,123075；2021-05-06 开始转股,全价：156.300 最后更新：12:43:03
123067,斯莱转债,sz300382,斯莱克,C,9.36,2021-06-30,2021-03-23,2026-09-16,2024-09-16,,,100.000,y,28.16,30,30,0,0.00,,,10.33,115.000,n,130.000,15,30,0,,N,3.880,2.400,AA-,AA-,无担保,,,,szcy,2021年11月15日公告：本次不行使提前赎回权利，至2022年2月23日均不提前赎回,,123067,123067,0.6940,380382,370382,,N,N,19.960,buy,,,11.35,N,580381337.0,580323512.0,Y,23.27,7813.53,0.47%,00,buy,buy,buy,12:43:03,248.61,10.01%,4.660,-16.34%,-16.93%,273.484,273.484,0.66%,6750.01,Y,0,0,G,-,,N,-,buy,-,26-09-16,283.49,12.17,6.55,1.8%,1.8%,"转债占流动市值比：1.8%
转债占总市值比：1.8%",0.00,300382,sz123067,有效期：-；质押代码：123067,123067；2021-03-23 开始转股,全价：273.484 最后更新：12:43:03
113609,永安转债,sh603776,永安行,C,16.48,2021-06-11,2021-05-31,2026-11-23,2024-11-25,,,100.000,y,60.72,30,30,0,0.00,,,4.45,115.000,n,130.000,15,30,2,,X,8.860,7.338,AA-,AA-,无担保,,,,shmb,,,113609,113609,4.7620,753776,754776,,N,N,81.304,buy,R,,1.28,N,233447522.0,231880822.0,Y,19.00,5456.57,-1.76%,00,buy,buy,buy,11:29:49,115.29,10.17%,4.847,-1.17%,-1.87%,127.010,127.010,-0.81%,4170.28,Y,0,0,,-,,N,-,buy,-,26-11-23,137.18,21.42,11.54,16.7%,16.5%,"转债占流动市值比：16.7%
转债占总市值比：16.5%",0.00,603776,sh113609,有效期：-；质押代码：113609,113609；2021-05-31 开始转股,全价：127.010 最后更新：11:29:49
113016,小康转债,sh601127,小康股份,C,16.96,2021-07-05,2018-05-11,2023-11-06,2021-11-06,,,100.000,y,21.38,30,30,0,0.00,,,212.06,106.000,n,130.000,15,30,0,,N,15.000,2.070,AA-,AA-,无担保,,,,shmb,2021年4月2日公告：本次不行使提前赎回权利，不提前赎回；至2022年4月2日均不提前赎回,,113016,113016,1.6490,764127,783127,,N,N,89.391,buy,R,,10.42,N,1359932415.0,1032551463.0,Y,55.53,143950.93,6.93%,00,buy,buy,buy,11:29:59,327.42,10.41%,1.797,-,-,361.500,361.500,2.37%,158287.15,Y,1,1,G,-,,N,-,buy,-,23-11-06,371.91,22.05,11.87,0.4%,0.3%,"转债占流动市值比：0.4%
转债占总市值比：0.3%",0.00,601127,sh113016,有效期：-；质押代码：113016,113016；2018-05-11 开始转股,全价：361.500 最后更新：11:29:59
113525,台华转债,sh603055,台华新材,C,7.78,2021-05-28,2019-06-21,2024-12-16,2022-12-17,,,100.000,y,31.50,30,30,0,0.00,,,9.30,110.000,n,130.000,15,30,0,,N,5.330,1.854,AA,AA,无担保,,,,shmb,2021年12月28日公告：本次（2021年12月7日至2021年12月27日）不提前赎回，至2022年3月27日均不提前赎回,,113525,113525,0.9730,753055,754055,,N,N,29.060,buy,,,4.18,N,868874372.0,804671904.0,Y,17.29,2959.59,-3.41%,00,buy,buy,buy,11:29:57,222.24,10.62%,2.910,-23.62%,-24.20%,245.850,245.850,-2.60%,4279.70,Y,0,0,G,-,,N,-,buy,-,24-12-16,256.47,10.11,5.45,1.3%,1.2%,"转债占流动市值比：1.3%
转债占总市值比：1.2%",0.00,603055,sh113525,有效期：-；质押代码：113525,113525；2019-06-21 开始转股,全价：245.850 最后更新：11:29:57
113568,新春转债,sh603667,五洲新春,C,8.75,2021-06-15,2020-09-14,2026-03-05,2024-03-05,,,100.000,y,40.43,30,30,0,0.00,,,5.84,118.000,n,130.000,15,30,0,,N,3.300,2.436,AA-,AA-,无担保,,,,shmb,2021年8月10日公告：本次（2021年7月12日至2021年8月10日）不行使提前赎回权利，至2022年2月10日均不提前赎回,,113568,113568,1.1600,753667,754667,,N,N,15.920,buy,,,2.38,N,301173285.0,265065997.0,Y,15.15,2829.65,0.60%,00,buy,buy,buy,11:29:51,173.14,10.67%,4.126,-10.17%,-11.01%,191.620,191.620,-0.01%,2743.72,Y,0,0,G,-,,N,-,buy,-,26-03-05,202.29,11.38,6.12,6.1%,5.3%,"转债占流动市值比：6.1%
转债占总市值比：5.3%",0.00,603667,sh113568,有效期：-；质押代码：113568,113568；2020-09-14 开始转股,全价：191.620 最后更新：11:29:51
123080,海波转债,sz300517,海波重科,C,11.58,2021-06-01,2021-06-08,2026-12-01,2024-12-02,,,100.000,y,58.65,30,30,0,0.00,,,5.74,120.000,n,130.000,15,30,0,,X,2.450,2.435,A+,A+,无担保,,,,szcy,,,123080,123080,2.2955,380517,370517,,N,N,77.246,buy,,,2.91,N,192182818.0,112564498.0,Y,13.82,3524.52,3.44%,00,buy,buy,buy,12:43:03,119.34,10.86%,4.868,-1.02%,-1.88%,132.296,132.296,1.32%,1852.89,Y,0,0,,-,,N,-,buy,-,26-12-01,143.16,15.05,8.11,15.7%,9.2%,"转债占流动市值比：15.7%
转债占总市值比：9.2%",0.00,300517,sz123080,有效期：-；质押代码：123080,123080；2021-06-08 开始转股,全价：132.296 最后更新：12:43:03
123031,晶瑞转债,sz300655,晶瑞电材,C,10.13,2021-05-07,2020-03-05,2025-08-28,2023-08-28,,,100.000,y,19.01,30,30,0,0.00,,,18.05,111.000,n,130.000,15,30,0,,N,1.850,0.530,A+,A+,无担保,,,,szcy,2022年1月18日公告：本次（2021年12月28日至2022年1月18日）不提前赎回，至2022年4月18日均不提前赎回,,123031,123031,1.2217,380655,370655,,N,N,8.110,buy,,,8.15,N,340639856.0,289329418.0,Y,37.30,16911.21,-2.69%,00,buy,buy,buy,12:43:03,368.21,11.03%,3.608,-29.92%,-30.39%,408.815,408.815,-1.92%,3961.47,Y,0,0,G,-,,N,-,buy,-,25-08-28,419.84,13.17,7.09,0.5%,0.4%,"转债占流动市值比：0.5%
转债占总市值比：0.4%",0.00,300655,sz123031,有效期：-；质押代码：123031,123031；2020-03-05 开始转股,全价：408.815 最后更新：12:43:03
111000,起帆转债,sh605222,起帆电缆,C,20.10,2021-10-29,2021-11-29,2027-05-24,2025-05-23,,,100.000,y,54.83,30,30,0,0.00,,,1.36,115.000,n,130.000,15,30,2,,X,10.000,9.996,AA-,AA-,无,,,,shmb,,,111000,111000,,715222,713222,,N,N,35.980,buy,,,2.98,N,418213213.0,100016213.0,Y,25.66,8092.75,-2.32%,00,buy,buy,buy,11:29:30,127.66,11.08%,5.345,-3.06%,-3.68%,141.810,141.810,-0.71%,1929.71,Y,0,0,,-,,N,-,buy,-,27-05-24,152.89,26.13,14.07,38.9%,9.3%,"转债占流动市值比：38.9%
转债占总市值比：9.3%",0.00,605222,sh111000,有效期：-；质押代码：111000,111000；2021-11-29 开始转股,全价：141.810 最后更新：11:29:30
128100,搜特转债,sz002503,搜于特,C,1.62,2021-08-17,2020-09-18,2026-03-11,2024-03-11,,,100.000,y,68.73,30,30,0,0.00,,,6.57,112.000,n,130.000,15,30,0,,X,8.000,7.991,A,A,无担保,,,,szmb,,,128100,128100,0.2622,082503,072503,,N,N,9.330,buy,R,,3.10,N,3092868251.0,2543064601.0,Y,1.65,10193.96,0.61%,00,buy,buy,buy,12:43:03,101.85,11.11%,4.142,0.80%,0.08%,113.169,113.169,0.15%,5935.82,Y,2,2,,-,,N,-,buy,-,26-03-11,124.28,2.11,1.13,19.0%,15.7%,"转债占流动市值比：19.0%
转债占总市值比：15.7%",0.00,002503,sz128100,有效期：-；质押代码：128100,128100；2020-09-18 开始转股,全价：113.169 最后更新：12:43:03
118004,博瑞转债,sh688166,博瑞医药,C,35.68,,2022-07-11,2028-01-03,2026-01-05,,,100.000,y,77.90,30,30,0,0.00,,,,115.000,n,130.000,15,30,0,,X,4.650,4.650,AA-,AA-,无,,,,shkc,,,未到转股期,118004,1.1340,726166,718166,,N,N,55.740,-,R,,8.30,N,410000000.0,210912771.0,Y,32.06,3283.40,-2.11%,00,buy,buy,buy,,89.85,11.30%,5.959,3.31%,2.68%,100.000,100.000,0.00%,0.00,Y,0,0,,-,,N,-,buy,-,28-01-03,111.30,46.38,24.98,6.9%,3.5%,"转债占流动市值比：6.9%
转债占总市值比：3.5%",0.00,688166,sh118004,有效期：-；质押代码：118004,未到转股期；2022-07-11 开始转股,待上市
123112,万讯转债,sz300112,万讯自控,C,8.93,2021-05-28,2021-10-14,2027-04-07,2025-04-07,,,100.000,y,51.58,30,30,0,0.00,,,12.95,118.000,n,130.000,15,30,0,,N,2.457,2.454,AA-,AA-,无,,,,szcy,2021年11月27日公告：本次（2021年11月1日至2021年11月26日）不行使提前赎回权利，至2022年2月26日均不提前赎回,,123112,123112,0.8599,380112,370112,,N,N,30.520,-,,,3.01,N,285779089.0,219186741.0,Y,12.12,9464.31,-1.94%,00,buy,buy,buy,12:43:03,135.72,11.44%,5.216,-3.75%,-4.49%,151.250,151.250,-1.66%,4863.75,Y,0,0,G,-,,N,-,buy,-,27-04-07,162.69,11.61,6.25,9.2%,7.1%,"转债占流动市值比：9.2%
转债占总市值比：7.1%",0.00,300112,sz123112,有效期：-；质押代码：123112,123112；2021-10-14 开始转股,全价：151.250 最后更新：12:43:03
127042,嘉美转债,sz002969,嘉美包装,C,4.87,,2022-02-14,2027-08-09,2025-08-11,,,100.000,y,62.78,30,30,0,0.00,,,1.04,112.000,n,130.000,15,30,0,,X,7.500,7.500,AA,AA,无,,,,szmb,,,未到转股期,127042,0.7809,082969,072969,,N,N,8.550,-,,,2.28,N,962170735.0,444176962.0,Y,5.43,1484.39,-0.91%,00,buy,buy,buy,12:43:03,111.50,11.49%,5.556,-1.09%,-1.62%,124.307,124.307,0.19%,967.73,Y,0,0,,-,,N,-,buy,-,27-08-09,135.80,6.33,3.41,31.1%,14.4%,"转债占流动市值比：31.1%
转债占总市值比：14.4%",0.00,002969,sz127042,有效期：-；质押代码：127042,未到转股期；2022-02-14 开始转股,全价：124.307 最后更新：12:43:03
113601,塞力转债,sh603716,塞力医疗,C,16.98,,2021-03-01,2026-08-20,2024-08-20,,,100.000,y,55.21,30,30,0,0.00,,,268.36,115.000,n,130.000,15,30,0,,X,5.430,5.428,AA-,AA-,无担保,,,,shmb,,,113601,113601,2.7390,753716,754716,,N,N,67.160,buy,,,2.73,N,205018993.0,201323345.0,Y,21.53,75401.39,2.97%,00,buy,buy,buy,11:30:00,126.80,11.50%,4.586,-3.44%,-4.18%,141.380,141.380,-3.28%,212641.82,Y,0,0,,-,,N,-,buy,-,26-08-20,152.88,22.07,11.89,12.5%,12.3%,"转债占流动市值比：12.5%
转债占总市值比：12.3%",0.00,603716,sh113601,有效期：-；质押代码：113601,113601；2021-03-01 开始转股,全价：141.380 最后更新：11:30:00
113550,常汽转债,sh603035,常熟汽饰,C,9.33,2021-05-28,2020-05-22,2025-11-17,2023-11-17,,,100.000,y,31.80,30,30,0,0.00,,,53.74,115.000,n,130.000,15,30,0,,N,9.924,2.147,AA-,AA-,无担保,,,,shmb,2021年12月3日公告：本次（2021年11月12日至2021年12月2日）不行使提前赎回权利，至2022年3月2日）均不提前赎回,,113550,113550,3.5440,753035,754035,,N,N,49.290,buy,,,1.87,N,360749112.0,360749112.0,Y,20.54,25422.46,-5.39%,00,buy,buy,buy,11:29:59,220.15,12.11%,3.830,-17.35%,-18.05%,246.820,246.820,-5.17%,28770.67,Y,0,0,G,-,,N,-,buy,-,25-11-17,258.93,12.13,6.53,2.9%,2.9%,"转债占流动市值比：2.9%
转债占总市值比：2.9%",0.00,603035,sh113550,有效期：-；质押代码：113550,113550；2020-05-22 开始转股,全价：246.820 最后更新：11:29:59
123070,鹏辉转债,sz300438,鹏辉能源,C,20.08,2021-08-17,2021-04-26,2026-10-19,2024-10-21,,,100.000,y,32.25,30,30,0,0.00,,,16.47,110.000,n,130.000,20,30,11,,X,8.900,5.988,AA,AA,无担保,,,,szcy,,,123070,123070,2.1380,380438,370438,,N,N,72.570,buy,,,7.12,N,433497356.0,329639518.0,Y,43.59,29532.31,-2.48%,00,buy,buy,buy,12:43:03,217.08,12.12%,4.751,-14.83%,-15.27%,243.380,243.380,-2.37%,23936.83,Y,0,0,,-,,N,-,buy,-,26-10-19,255.50,26.10,14.06,4.2%,3.2%,"转债占流动市值比：4.2%
转债占总市值比：3.2%",0.00,300438,sz123070,有效期：-；质押代码：123070,123070；2021-04-26 开始转股,全价：243.380 最后更新：12:43:03
123084,高澜转债,sz300499,高澜股份,C,9.01,2021-09-22,2021-06-16,2026-12-09,2024-12-09,,,100.000,y,45.37,30,30,0,0.00,,,11.58,115.000,n,130.000,15,30,11,,X,2.800,2.544,A+,A+,无担保,,,,szcy,,,123084,123084,1.0061,380499,370499,,N,N,67.220,buy,,,4.13,N,280804041.0,241690999.0,Y,13.90,8075.78,-2.11%,00,buy,buy,buy,12:43:03,154.27,12.58%,4.890,-7.20%,-7.87%,173.681,173.681,-2.92%,5191.80,Y,1,1,,-,,N,-,buy,-,26-12-09,186.26,11.71,6.31,7.6%,6.5%,"转债占流动市值比：7.6%
转债占总市值比：6.5%",0.00,300499,sz123084,有效期：-；质押代码：123084,123084；2021-06-16 开始转股,全价：173.681 最后更新：12:43:03
123063,大禹转债,sz300021,大禹节水,C,4.83,2021-06-16,2021-02-03,2026-07-27,2025-07-28,,,100.000,y,56.07,30,30,0,0.00,,,2.58,120.000,n,130.000,15,30,0,,X,6.380,6.346,AA-,AA-,无担保,,,,szcy,,,123063,123063,0.8100,380021,370021,,N,N,68.990,buy,,,2.93,N,801074638.0,639330960.0,Y,6.03,10219.13,-0.33%,00,buy,buy,buy,12:43:03,124.84,12.67%,4.521,-2.44%,-3.35%,140.653,140.653,0.92%,2302.03,Y,0,0,,-,,N,-,buy,-,26-07-27,153.32,6.28,3.38,16.5%,13.1%,"转债占流动市值比：16.5%
转债占总市值比：13.1%",0.00,300021,sz123063,有效期：-；质押代码：123063,123063；2021-02-03 开始转股,全价：140.653 最后更新：12:43:03
123103,震安转债,sz300767,震安科技,C,56.89,2021-06-11,2021-09-22,2027-03-11,2025-03-11,,,100.000,y,43.99,30,30,0,0.00,,,3.76,115.000,n,130.000,15,30,0,,N,2.850,2.525,A+,A+,无,,,,szcy,2021年10月21日公告：本次（2021年9月22日至2021年10月19日）不行使提前赎回权利，至2022年4月20日均不提前赎回,,123103,123103,1.9791,380767,370767,,N,N,53.950,buy,,,14.50,N,202170726.0,118282633.0,Y,90.52,4971.48,-2.88%,00,buy,buy,buy,12:43:03,159.11,12.73%,5.142,-7.46%,-8.09%,179.372,179.372,-1.64%,1728.44,Y,0,0,G,-,,N,-,buy,-,27-03-11,192.10,73.96,39.82,2.4%,1.4%,"转债占流动市值比：2.4%
转债占总市值比：1.4%",0.00,300767,sz123103,有效期：-；质押代码：123103,123103；2021-09-22 开始转股,全价：179.372 最后更新：12:43:03
113025,明泰转债,sh601677,明泰铝业,C,11.00,2021-05-14,2019-10-16,2025-04-09,2023-04-10,,,100.000,y,18.43,30,30,0,0.00,,,0.65,110.000,n,130.000,15,30,0,,X,18.390,10.966,AA,AA,无担保,,,,shmb,,,113025,113025,3.1170,764677,783677,,N,N,24.000,buy,,,2.79,N,682582320.0,682436220.0,Y,41.79,18450.44,-2.66%,00,buy,buy,buy,11:29:51,379.91,12.77%,3.222,-,-,428.430,428.430,-0.96%,3063.38,Y,0,0,,-,,N,-,buy,-,25-04-09,441.20,14.30,7.70,3.8%,3.8%,"转债占流动市值比：3.8%
转债占总市值比：3.8%",0.00,601677,sh113025,有效期：-；质押代码：113025,113025；2019-10-16 开始转股,全价：428.430 最后更新：11:29:51
128048,张行转债,sz002839,张家港行,C,5.60,2021-07-08,2019-05-16,2024-11-12,,,,,y,,15,30,0,0.00,,,3.15,109.000,n,130.000,15,30,0,,X,25.000,24.975,AA+,AA+,无担保,,,,szmb,,,128048,128048,1.3831,082839,072839,,N,N,28.880,buy,R,,0.84,N,1807959258.0,1521751142.0,Y,6.52,22041.14,2.19%,00,buy,buy,buy,12:43:03,116.43,12.84%,2.816,-5.50%,-6.23%,131.375,131.375,1.68%,10295.14,Y,0,0,,-,,N,-,buy,-,24-11-12,144.22,7.28,-,25.2%,21.2%,"转债占流动市值比：25.2%
转债占总市值比：21.2%",0.00,002839,sz128048,有效期：-；质押代码：128048,128048；2019-05-16 开始转股,全价：131.375 最后更新：12:43:03
113615,金诚转债,sh603979,金诚信,C,12.65,2021-06-09,2021-06-29,2026-12-22,2024-12-23,,,100.000,y,40.20,30,30,0,0.00,,,6.15,112.000,n,130.000,15,30,0,,N,10.000,8.664,AA,AA,无担保,,,,shmb,2021年11月24日公告：本次（2021年11月4日至2021年11月24日）不行使提前赎回权利，至2022年5月24日均不提前赎回,,113615,113615,1.7320,753979,754979,,N,N,71.880,buy,,,2.54,N,593966469.0,593966469.0,Y,22.03,12277.78,-3.25%,00,buy,buy,buy,11:30:00,174.15,13.01%,4.926,-10.18%,-10.70%,196.800,196.800,-2.90%,10711.58,Y,0,0,G,-,,N,-,buy,-,26-12-22,209.81,16.45,8.86,6.6%,6.6%,"转债占流动市值比：6.6%
转债占总市值比：6.6%",0.00,603979,sh113615,有效期：-；质押代码：113615,113615；2021-06-29 开始转股,全价：196.800 最后更新：11:30:00
128145,日丰转债,sz002953,日丰股份,C,13.66,2021-06-02,2021-09-27,2027-03-21,2025-03-21,,,100.000,y,57.05,30,30,0,0.00,,,2.37,110.000,n,130.000,30,30,0,,X,3.800,3.797,AA-,AA-,股份质押的担保方式,,,,szmb,,,128145,128145,2.1854,082953,072953,,N,N,79.780,buy,,,3.28,N,243382760.0,74669185.0,Y,16.76,1753.29,-1.53%,00,buy,buy,buy,12:43:03,122.69,13.05%,5.170,-3.56%,-4.06%,138.700,138.700,-1.15%,1262.70,Y,0,0,,-,,N,-,buy,-,27-03-21,151.75,17.76,9.56,30.3%,9.3%,"转债占流动市值比：30.3%
转债占总市值比：9.3%",0.00,002953,sz128145,有效期：-；质押代码：128145,128145；2021-09-27 开始转股,全价：138.700 最后更新：12:43:03
123035,利德转债,sz300296,利亚德,C,6.96,2021-05-24,2020-05-20,2025-11-13,2023-11-13,,,100.000,y,43.73,30,30,0,0.00,,,8.04,110.000,n,130.000,15,30,0,,N,8.000,7.988,AA+,AA+,无担保,,,,szcy,2021年8月6日公告：本次（自2021年7月19日至2021年8月6日）不行使提前赎回的权利，至2022年2月6日均不提前赎回,,123035,123035,0.3174,380296,370296,,N,N,53.270,buy,R,,3.69,N,2542901478.0,1988702066.0,Y,11.14,74534.96,1.74%,00,buy,buy,buy,12:43:03,160.06,13.08%,3.819,-11.51%,-12.07%,180.999,180.999,2.15%,11567.95,Y,0,0,G,-,,N,-,buy,-,25-11-13,194.08,9.05,4.87,3.6%,2.8%,"转债占流动市值比：3.6%
转债占总市值比：2.8%",0.00,300296,sz123035,有效期：-；质押代码：123035,123035；2020-05-20 开始转股,全价：180.999 最后更新：12:43:03
128095,恩捷转债,sz002812,恩捷股份,C,64.92,2021-04-30,2020-08-17,2026-02-11,2024-02-12,,,100.000,y,17.35,30,30,0,0.00,,,5.62,110.000,n,130.000,15,30,30,,X,16.000,4.541,AA,AA,无担保,,,,szmb,,,128095,128095,1.9866,082812,072812,,N,N,77.840,buy,R,,18.17,N,892406852.0,742019744.0,Y,261.96,117988.91,-3.86%,00,buy,buy,buy,12:43:03,403.51,13.17%,4.066,-,-,456.643,456.643,-2.63%,11873.60,Y,0,0,B,-,,N,-,buy,-,26-02-11,469.81,84.40,45.44,0.2%,0.2%,"转债占流动市值比：0.2%
转债占总市值比：0.2%",0.00,002812,sz128095,有效期：-；质押代码：128095,128095；2020-08-17 开始转股,全价：456.643 最后更新：12:43:03
123071,天能转债,sz300569,天能重工,C,7.91,2021-08-02,2021-04-27,2026-10-20,2024-10-21,,,100.000,y,42.76,30,30,0,0.00,,,4.24,115.000,n,130.000,15,30,0,,N,7.000,6.943,AA-,AA-,无担保,,,,szcy,2021年10月15日公告：本次（2021年9月15日至2021年10月14日）不提前赎回，至2022年10月14日均不提前赎回,,123071,123071,1.7863,380569,370569,,N,N,70.512,buy,,,2.84,N,797386255.0,571997143.0,Y,12.95,9260.07,-1.67%,00,buy,buy,buy,12:43:03,163.72,13.38%,4.753,-8.80%,-9.45%,185.620,185.620,-1.27%,5474.75,Y,1,1,G,-,,N,-,buy,-,26-10-20,199.00,10.28,5.54,9.4%,6.7%,"转债占流动市值比：9.4%
转债占总市值比：6.7%",0.00,300569,sz123071,有效期：-；质押代码：123071,123071；2021-04-27 开始转股,全价：185.620 最后更新：12:43:03
128075,远东转债,sz002406,远东传动,C,5.29,2021-07-13,2020-03-27,2025-09-23,2023-09-25,,,100.000,y,60.21,30,30,0,0.00,,,0.31,110.000,n,130.000,15,30,0,,X,8.940,5.438,AA,AA,无担保,,,,szmb,,,128075,128075,1.5930,082406,072406,,N,N,42.076,buy,,,1.13,N,624158139.0,496148542.0,Y,6.15,1111.72,-0.16%,00,buy,buy,buy,12:43:03,116.26,13.44%,3.679,-3.88%,-4.54%,131.891,131.891,-0.22%,223.58,Y,0,0,,-,,N,-,buy,-,25-09-23,145.33,6.88,3.70,17.8%,14.2%,"转债占流动市值比：17.8%
转债占总市值比：14.2%",0.00,002406,sz128075,有效期：-；质押代码：128075,128075；2020-03-27 开始转股,全价：131.891 最后更新：12:43:03
113545,金能转债,sh603113,金能科技,C,10.43,2021-05-31,2020-04-20,2025-10-13,2023-10-13,,,100.000,y,47.44,30,30,0,0.00,,,1.96,110.000,n,130.000,15,30,0,,N,15.000,9.867,AA,AA,无担保,,,,shmb,2021年12月23日公告：本次（2021年12月3日至2021年12月23日）不提前赎回，至2022年3月22日均不提前赎回,,113545,113545,2.2190,753113,754113,,N,N,47.100,buy,R,,1.47,N,855071934.0,723665890.0,Y,15.39,7741.85,-0.39%,00,buy,buy,buy,11:29:57,147.56,13.52%,3.734,-9.88%,-10.47%,167.510,167.510,-0.61%,3279.50,Y,0,0,G,-,,N,-,buy,-,25-10-13,181.03,13.56,7.30,8.9%,7.5%,"转债占流动市值比：8.9%
转债占总市值比：7.5%",0.00,603113,sh113545,有效期：-；质押代码：113545,113545；2020-04-20 开始转股,全价：167.510 最后更新：11:29:57
113039,嘉泽转债,sh601619,嘉泽新能,C,3.46,2021-06-11,2021-03-01,2026-08-23,2024-08-23,,,100.000,y,52.09,30,30,0,0.00,,,4.78,108.000,n,130.000,15,30,0,,N,13.000,2.885,AA,AA,无担保,,,,shmb,2022年1月6日公告：本次（2021年12月15日至2022年1月5日）不提前赎回，至2022年4月5日均不提前赎回,,113039,113039,0.6260,764619,783619,,N,N,76.530,buy,,,2.34,N,2434220009.0,2365350009.0,Y,4.65,4823.08,-1.69%,00,buy,buy,buy,11:29:32,134.39,13.56%,4.595,-6.48%,-6.93%,152.620,152.620,-0.78%,2107.96,Y,0,0,G,-,,N,-,buy,-,26-08-23,166.18,4.50,2.42,2.6%,2.5%,"转债占流动市值比：2.6%
转债占总市值比：2.5%",0.00,601619,sh113039,有效期：-；质押代码：113039,113039；2021-03-01 开始转股,全价：152.620 最后更新：11:29:32
123042,银河转债,sz300619,金银河,C,23.59,2021-12-10,2020-07-20,2026-01-13,2024-01-15,,,100.000,y,23.79,30,30,0,0.00,,,155.30,110.000,n,130.000,15,30,11,,X,1.670,0.975,A+,A+,无担保,,,,szcy,,,123042,123042,2.2316,380619,370619,,N,N,49.650,buy,,,10.48,N,84664538.0,59449716.0,Y,69.40,8036.35,0.36%,00,buy,buy,buy,12:43:03,294.19,13.64%,3.986,-23.84%,-24.29%,334.321,334.321,3.20%,50802.35,Y,0,0,,-,,N,-,buy,-,26-01-13,347.96,30.67,16.51,2.4%,1.7%,"转债占流动市值比：2.4%
转债占总市值比：1.7%",0.00,300619,sz123042,有效期：-；质押代码：123042,123042；2020-07-20 开始转股,全价：334.321 最后更新：12:43:03
128017,金禾转债,sz002597,金禾实业,C,21.97,2021-05-21,2018-08-07,2023-11-01,2021-11-01,,,100.000,y,36.14,30,30,0,0.00,,,1.11,106.000,n,130.000,15,30,11,,X,6.000,5.519,AA,AA,无担保,,,,szmb,,,128017,128017,1.0633,082597,072597,,N,N,89.139,buy,R,,4.47,N,560913735.0,559486768.0,Y,42.55,8055.56,-1.71%,00,buy,buy,buy,12:43:03,193.67,13.69%,1.784,-33.27%,-33.76%,220.180,220.180,-2.36%,1353.70,Y,0,0,,-,,N,-,buy,-,23-11-01,233.87,28.56,15.38,2.3%,2.3%,"转债占流动市值比：2.3%
转债占总市值比：2.3%",0.00,002597,sz128017,有效期：-；质押代码：128017,128017；2018-08-07 开始转股,全价：220.180 最后更新：12:43:03
127029,中钢转债,sz000928,中钢国际,C,5.79,2021-09-24,2021-09-27,2027-03-18,2025-03-18,,,100.000,y,52.30,30,30,0,0.00,,,6.41,113.000,n,130.000,15,30,0,,N,9.600,8.195,AA+,AA+,无,,,,szmb,2021年10月26日公告：本次（2021年9月27日至10月26日）不行使提前赎回权利，至2022年4月25日前均不提前赎回,,127029,127029,0.7639,080928,070928,,N,N,20.710,buy,R,,1.64,N,1280919103.0,1280887903.0,Y,7.75,11312.75,0.91%,00,buy,buy,buy,12:43:03,133.85,14.23%,5.162,-5.04%,-5.59%,152.900,152.900,0.96%,8041.86,Y,0,0,G,-,,N,-,buy,-,27-03-18,167.13,7.53,4.05,8.3%,8.3%,"转债占流动市值比：8.3%
转债占总市值比：8.3%",0.00,000928,sz127029,有效期：-；质押代码：127029,127029；2021-09-27 开始转股,全价：152.900 最后更新：12:43:03
110077,洪城转债,sh600461,洪城环境,C,6.71,2021-07-09,2021-05-26,2026-11-19,2024-11-19,,,100.000,y,57.07,30,30,0,0.00,,,0.14,110.000,n,130.000,15,30,1,,X,18.000,17.678,AA+,AA+,无担保,,,,shmb,,,110077,110077,1.8980,704461,733461,,N,N,81.140,buy,,,1.38,N,952834715.0,917719970.0,Y,8.23,2606.90,0.12%,00,buy,buy,buy,11:29:49,122.65,14.25%,4.836,-4.35%,-4.81%,140.130,140.130,-0.13%,346.66,Y,0,0,,-,,N,-,buy,-,26-11-19,154.38,8.72,4.70,23.4%,22.5%,"转债占流动市值比：23.4%
转债占总市值比：22.5%",0.00,600461,sh110077,有效期：-；质押代码：110077,110077；2021-05-26 开始转股,全价：140.130 最后更新：11:29:49
123109,昌红转债,sz300151,昌红科技,C,28.06,2021-06-02,2021-10-08,2027-03-31,2025-03-31,,,100.000,y,57.40,30,30,0,0.00,,,1.95,115.000,n,130.000,15,30,0,,N,4.600,4.596,AA-,AA-,无,,,,szcy,2021年11月30日公告：本次（2021年11月1日至2021年11月29日）不行使提前赎回权利，至2022年5月27日均不提前赎回,,123109,123109,0.9263,380151,370151,,N,N,29.800,buy,,,15.32,N,502506221.0,315770871.0,Y,34.22,6287.05,-2.56%,00,buy,buy,buy,12:43:03,121.95,14.43%,5.197,-2.76%,-3.42%,139.550,139.550,-1.05%,1248.29,Y,0,0,G,-,,N,-,buy,-,27-03-31,153.98,36.48,19.64,4.3%,2.7%,"转债占流动市值比：4.3%
转债占总市值比：2.7%",0.00,300151,sz123109,有效期：-；质押代码：123109,123109；2021-10-08 开始转股,全价：139.550 最后更新：12:43:03
128121,宏川转债,sz002930,宏川智慧,C,19.89,2021-10-11,2021-01-25,2026-07-16,2024-07-16,,,100.000,y,61.99,30,30,0,0.00,,,1.00,108.000,n,130.000,15,30,9,,X,6.700,6.699,AA-,AA-,无担保,,,,szmb,,,128121,128121,1.5099,082930,072930,,N,N,77.700,buy,,,4.42,N,446826731.0,424324536.0,Y,22.46,2273.18,-0.13%,00,buy,buy,buy,12:43:03,112.92,14.50%,4.490,-3.03%,-3.53%,129.299,129.299,-0.02%,869.54,Y,0,0,,-,,N,-,buy,-,26-07-16,143.80,25.86,13.92,7.0%,6.7%,"转债占流动市值比：7.0%
转债占总市值比：6.7%",0.00,002930,sz128121,有效期：-；质押代码：128121,128121；2021-01-25 开始转股,全价：129.299 最后更新：12:43:03
113504,艾华转债,sh603989,艾华集团,C,20.81,2021-06-24,2018-09-08,2024-03-02,2022-03-02,,,100.000,y,40.60,30,30,0,0.00,,,0.71,106.000,n,130.000,15,30,0,,N,6.910,4.628,AA,AA,无担保,,,,shmb,2022年1月7日公告：本次（2021年12月17日至2022年1月7日）不提前赎回，至2022年4月7日均不提前赎回,,113504,113504,2.3030,753989,754989,,N,N,82.470,buy,R,,4.88,N,400813533.0,400813533.0,Y,35.88,3827.83,-2.84%,00,buy,buy,buy,11:29:26,172.42,14.53%,2.118,-24.73%,-25.27%,197.480,197.480,-1.26%,650.38,Y,1,1,G,-,,N,-,buy,-,24-03-02,212.01,27.05,14.57,3.2%,3.2%,"转债占流动市值比：3.2%
转债占总市值比：3.2%",0.00,603989,sh113504,有效期：-；质押代码：113504,113504；2018-09-08 开始转股,全价：197.480 最后更新：11:29:26
128025,特一转债,sz002728,特一药业,C,13.80,2021-12-01,2018-06-12,2023-12-06,2021-12-06,,,100.000,y,57.06,30,30,0,0.00,,,35.45,106.000,n,130.000,15,30,5,,X,3.540,2.977,AA-,AA-,许丹青的股票,,,,szmb,,,128025,128025,1.7700,082728,072728,,N,N,74.250,buy,,,3.57,N,221643927.0,127186140.0,Y,16.93,14440.43,-2.98%,00,buy,buy,buy,12:43:03,122.68,14.70%,1.879,-13.44%,-14.07%,140.715,140.715,-1.88%,15085.36,Y,1,1,,-,,N,-,buy,-,23-12-06,155.41,17.94,9.66,13.8%,7.9%,"转债占流动市值比：13.8%
转债占总市值比：7.9%",0.00,002728,sz128025,有效期：-；质押代码：128025,128025；2018-06-12 开始转股,全价：140.715 最后更新：12:43:03
128087,孚日转债,sz002083,孚日股份,C,4.50,2021-04-28,2020-06-23,2025-12-17,2023-12-18,,,100.000,y,63.38,30,30,0,0.00,,,1.31,108.000,n,130.000,15,30,0,,X,6.500,6.497,AA-,AA-,无担保,,,,szmb,,,128087,128087,0.7403,082083,072083,,N,N,47.200,buy,,,1.20,N,908045977.0,905433276.0,Y,4.97,4354.57,0.20%,00,buy,buy,buy,12:43:03,110.44,14.79%,3.912,-3.10%,-3.65%,126.778,126.778,0.62%,1074.89,Y,1,1,,-,,N,-,buy,-,25-12-17,141.57,5.85,3.15,14.4%,14.4%,"转债占流动市值比：14.4%
转债占总市值比：14.4%",0.00,002083,sz128087,有效期：-；质押代码：128087,128087；2020-06-23 开始转股,全价：126.778 最后更新：12:43:03
128040,华通转债,sz002758,浙农股份,C,10.03,2022-01-17,2018-12-21,2024-06-13,2022-06-14,,,100.000,y,61.21,30,30,0,0.00,,,1.43,108.000,n,130.000,15,30,0,,X,2.240,2.222,AA,AA,出质人钱木水、沈剑巢、朱国良将其合法拥有的公司股票作为质押资产进行质押担保，钱木水、沈剑巢、朱国良为本次发行可转债提供连带责任保证,,,,szmb,,,128040,128040,1.0666,082758,072758,,N,N,29.770,buy,,,1.74,N,500508037.0,195027600.0,Y,11.47,1594.59,-0.17%,00,buy,buy,buy,12:43:03,114.36,14.97%,2.400,-6.82%,-7.60%,131.480,131.480,0.17%,417.99,Y,0,0,,-,,N,-,buy,-,24-06-13,146.45,13.04,7.02,9.9%,3.9%,"转债占流动市值比：9.9%
转债占总市值比：3.9%",0.00,002758,sz128040,有效期：-；质押代码：128040,128040；2018-12-21 开始转股,全价：131.480 最后更新：12:43:03
128107,交科转债,sz002061,浙江交科,C,5.24,2021-07-13,2020-10-28,2026-04-22,2024-04-22,,,100.000,y,61.54,30,30,0,0.00,,,2.42,110.000,n,130.000,15,30,0,,X,25.000,24.997,AA+,AA+,无担保,,,,szmb,,,128107,128107,1.8173,082061,072061,,N,N,83.390,buy,,,0.90,N,1375702619.0,1375702619.0,Y,5.96,11005.39,0.68%,00,buy,buy,buy,12:43:03,113.74,15.04%,4.258,-3.07%,-3.66%,130.847,130.847,1.38%,7923.03,Y,0,0,,-,,N,-,buy,-,26-04-22,145.89,6.81,3.67,30.5%,30.5%,"转债占流动市值比：30.5%
转债占总市值比：30.5%",0.00,002061,sz128107,有效期：-；质押代码：128107,128107；2020-10-28 开始转股,全价：130.847 最后更新：12:43:03
123054,思特转债,sz300608,思特奇,C,12.63,2021-05-26,2020-12-16,2026-06-09,2024-06-10,,,100.000,y,52.75,30,30,0,0.00,,,162.36,115.000,n,130.000,15,30,1,,X,2.710,2.074,AA-,AA-,无担保,,,,szcy,,,123054,123054,1.7214,380608,370608,,N,N,69.580,-,,,4.06,N,209910067.0,163171064.0,Y,16.76,35027.17,-1.06%,00,buy,buy,buy,12:43:03,132.70,15.08%,4.389,-5.24%,-6.00%,152.710,152.710,0.77%,50849.27,Y,0,0,,-,,N,-,buy,-,26-06-09,167.79,16.42,8.84,7.6%,5.9%,"转债占流动市值比：7.6%
转债占总市值比：5.9%",0.00,300608,sz123054,有效期：-；质押代码：123054,123054；2020-12-16 开始转股,全价：152.710 最后更新：12:43:03
123127,耐普转债,sz300818,耐普矿机,C,37.00,,2022-05-04,2027-10-28,2025-10-28,,,100.000,y,59.31,30,30,0,0.00,,,12.87,110.000,n,130.000,15,30,0,,X,4.000,4.000,A+,A+,无,,,,szcy,,,未到转股期,123127,5.7870,380818,370818,,N,N,22.780,-,,,3.25,N,70000000.0,31453000.0,Y,43.67,6966.72,-1.87%,00,buy,buy,buy,12:43:03,118.03,15.39%,5.775,-2.77%,-3.24%,136.200,136.200,-2.11%,7049.48,Y,0,0,,-,,N,-,buy,-,27-10-28,151.59,48.10,25.90,29.1%,13.1%,"转债占流动市值比：29.1%
转债占总市值比：13.1%",0.00,300818,sz123127,有效期：-；质押代码：123127,未到转股期；2022-05-04 开始转股,全价：136.200 最后更新：12:43:03
113570,百达转债,sh603331,百达精工,C,11.34,2021-06-30,2020-09-17,2026-03-10,2024-03-11,,,100.000,y,61.68,30,30,0,0.00,,,7.12,110.000,n,130.000,15,30,0,,X,2.800,2.799,A+,A+,股份质押的担保,,,,shmb,,,113570,113570,2.1800,753331,754331,,N,N,46.370,buy,,,2.63,N,178159917.0,175419917.0,Y,12.87,1090.05,2.39%,00,buy,buy,buy,11:29:59,113.49,15.62%,4.140,-3.22%,-3.83%,131.220,131.220,1.06%,2625.26,Y,0,0,,-,,N,-,buy,-,26-03-10,146.84,14.74,7.94,12.4%,12.2%,"转债占流动市值比：12.4%
转债占总市值比：12.2%",0.00,603331,sh113570,有效期：-；质押代码：113570,113570；2020-09-17 开始转股,全价：131.220 最后更新：11:29:59
118000,嘉元转债,sh688388,嘉元科技,C,78.74,2021-05-06,2021-09-01,2027-02-22,2025-02-24,,,100.000,y,42.53,30,30,0,0.00,,,4.83,115.000,n,130.000,15,30,0,,N,12.400,9.789,AA-,AA-,无,,,,shkc,2022年1月18日公告：本次（2021年12月25日至2022年1月17日）不提前赎回，至2022年7月18日均不提前赎回,,118000,118000,5.3700,726388,718388,,N,N,70.922,buy,R,,9.53,N,234191983.0,170867583.0,Y,129.60,28360.00,-3.86%,00,buy,buy,buy,11:29:42,164.59,16.05%,5.096,-8.72%,-9.34%,191.000,191.000,-3.13%,9092.27,Y,0,0,G,-,,N,-,buy,-,27-02-22,207.05,102.36,55.12,4.4%,3.2%,"转债占流动市值比：4.4%
转债占总市值比：3.2%",0.00,688388,sh118000,有效期：-；质押代码：118000,118000；2021-09-01 开始转股,全价：191.000 最后更新：11:29:42
110079,杭银转债,sh600926,杭州银行,C,12.99,2021-08-30,2021-10-08,2027-03-29,,,,,y,,0,0,0,0.82,2022-01-19,2022-01-19,1.17,108.000,n,130.000,15,30,0,,X,150.000,149.993,AAA,AAA,无,,,,shmb,,,110079,110079,2.5290,704926,733926,,N,N,42.340,buy,R,,0.97,Y,5930255051.0,5060452059.0,Y,14.32,33645.36,3.62%,00,buy,buy,buy,11:29:59,110.24,16.06%,5.192,-2.50%,-2.92%,127.950,127.950,1.07%,22324.84,Y,1,1,,-,,N,-,buy,-,27-03-29,144.01,16.89,-,20.7%,17.7%,"转债占流动市值比：20.7%
转债占总市值比：17.7%",0.00,600926,sh110079,有效期：2022-01-19 到 2022-01-19；质押代码：110079,110079；2021-10-08 开始转股,全价：127.950 最后更新：11:29:59
128101,联创转债,sz002036,联创电子,C,13.72,2021-06-07,2020-09-21,2026-03-16,2024-03-18,,,100.000,y,41.50,30,30,0,0.00,,,16.19,110.000,n,130.000,15,30,11,,X,3.000,2.995,AA,AA,无担保,,,,szmb,,,128101,128101,0.4208,082036,072036,,N,N,25.381,buy,R,,6.22,N,1062824950.0,1045944418.0,Y,23.14,43000.00,-3.98%,00,buy,buy,buy,12:43:03,168.66,16.09%,4.156,-12.26%,-12.78%,195.805,195.805,-3.74%,9597.96,Y,0,0,,-,,N,-,buy,-,26-03-16,211.90,17.84,9.60,1.2%,1.2%,"转债占流动市值比：1.2%
转债占总市值比：1.2%",0.00,002036,sz128101,有效期：-；质押代码：128101,128101；2020-09-21 开始转股,全价：195.805 最后更新：12:43:03
123022,长信转债,sz300088,长信科技,C,6.05,2021-06-17,2019-09-23,2025-03-18,2023-03-18,,,100.000,y,36.23,30,30,0,0.00,,,23.53,110.000,n,130.000,15,30,18,,X,12.300,2.564,AA,AA,无担保,,,,szcy,,,123022,123022,0.5350,380088,370088,,N,N,42.700,buy,R,,3.79,N,2454887088.0,2442659856.0,Y,11.69,54402.92,-3.07%,00,buy,buy,buy,12:43:03,193.22,16.28%,3.162,-19.55%,-20.14%,224.678,224.678,-3.79%,13931.49,Y,0,0,B,-,,N,-,buy,-,25-03-18,240.96,7.87,4.24,0.9%,0.9%,"转债占流动市值比：0.9%
转债占总市值比：0.9%",0.00,300088,sz123022,有效期：-；质押代码：123022,123022；2019-09-23 开始转股,全价：224.678 最后更新：12:43:03
123110,九典转债,sz300705,九典制药,C,26.44,2021-05-19,2021-10-08,2027-03-31,2025-03-31,,,100.000,y,58.57,30,30,0,0.00,,,12.28,115.000,n,130.000,15,30,4,,X,2.700,2.698,A+,A+,无,,,,szcy,,,123110,123110,1.1505,380705,370705,,N,N,44.270,buy,,,6.97,N,234687298.0,142890383.0,Y,31.60,12030.41,-7.39%,00,buy,buy,buy,12:43:03,119.52,16.62%,5.197,-2.68%,-3.35%,139.389,139.389,-3.32%,4713.36,Y,0,0,,-,,N,-,buy,-,27-03-31,156.01,34.37,18.51,6.0%,3.6%,"转债占流动市值比：6.0%
转债占总市值比：3.6%",0.00,300705,sz123110,有效期：-；质押代码：123110,123110；2021-10-08 开始转股,全价：139.389 最后更新：12:43:03
110043,无锡转债,sh600908,无锡银行,C,5.61,2021-07-06,2018-08-05,2024-01-30,,,,,y,,15,30,0,0.00,,,3.06,106.000,n,130.000,15,30,0,,X,30.000,29.214,AA+,AA+,无担保,,,,shmb,,,110043,110043,1.6230,704908,733908,,N,N,37.110,buy,,,0.73,N,1861675522.0,1763699985.0,Y,6.07,7814.85,0.33%,00,buy,buy,buy,11:29:58,108.20,16.78%,2.030,-7.42%,-8.11%,126.360,126.360,-0.14%,11346.18,Y,2,2,,-,,N,-,buy,-,24-01-30,143.14,7.29,-,27.3%,25.9%,"转债占流动市值比：27.3%
转债占总市值比：25.9%",0.00,600908,sh110043,有效期：-；质押代码：110043,110043；2018-08-05 开始转股,全价：126.360 最后更新：11:29:58
128143,锋龙转债,sz002931,锋龙股份,C,12.73,2021-06-08,2021-07-14,2027-01-07,2025-01-07,,,100.000,y,62.23,30,30,0,0.00,,,2.68,115.000,n,130.000,15,30,0,,X,2.450,2.444,A+,A+,股票质押担保,,,,szmb,,,128143,128143,1.7228,082931,072931,,N,N,80.170,buy,,,4.09,N,199140144.0,178663130.0,Y,14.32,2021.11,-0.35%,00,buy,buy,buy,12:43:03,112.49,17.03%,4.970,-1.69%,-2.39%,131.652,131.652,-0.56%,864.03,Y,0,0,,-,,N,-,buy,-,27-01-07,148.68,16.55,8.91,9.6%,8.6%,"转债占流动市值比：9.6%
转债占总市值比：8.6%",0.00,002931,sz128143,有效期：-；质押代码：128143,128143；2021-07-14 开始转股,全价：131.652 最后更新：12:43:03
123100,朗科转债,sz300543,朗科智能,C,11.61,2021-05-26,2021-08-23,2027-02-08,2025-02-10,,,100.000,y,59.45,30,30,0,0.00,,,0.77,112.000,n,130.000,15,30,5,,X,3.800,3.799,AA-,AA-,无,,,,szcy,,,123100,123100,1.8421,380543,380543,,N,N,12.940,buy,,,3.50,N,268174890.0,199696919.0,Y,13.67,1756.12,-0.44%,00,buy,buy,buy,12:43:03,117.74,17.28%,5.058,-3.20%,-3.78%,138.088,138.088,0.06%,404.05,Y,0,0,,-,,N,-,buy,-,27-02-08,155.37,15.09,8.13,13.9%,10.4%,"转债占流动市值比：13.9%
转债占总市值比：10.4%",0.00,300543,sz123100,有效期：-；质押代码：123100,123100；2021-08-23 开始转股,全价：138.088 最后更新：12:43:03
110061,川投转债,sh600674,川投能源,C,9.20,2021-07-15,2020-05-15,2025-11-10,2023-11-10,,,100.000,y,55.57,30,30,0,0.94,2022-01-19,2022-01-19,0.16,106.000,n,130.000,15,30,0,,N,40.000,39.616,AAA,AAA,无担保,,,,shmb,2021年9月28日公告：本次（2021年9月6日至2021年9月28日）期间不行使提前赎回权利，至2022年9月28日均不提前赎回,,110061,110061,0.9080,704674,733674,,N,N,81.590,buy,R,,1.63,N,4406155440.0,4406155440.0,Y,11.59,4431.19,-0.34%,00,buy,buy,buy,11:29:58,125.98,17.48%,3.811,-7.55%,-7.99%,148.000,148.000,0.35%,944.93,Y,0,0,G,-,,N,-,buy,-,25-11-10,165.48,11.96,6.44,7.8%,7.8%,"转债占流动市值比：7.8%
转债占总市值比：7.8%",0.00,600674,sh110061,有效期：2022-01-19 到 2022-01-19；质押代码：110061,110061；2020-05-15 开始转股,全价：148.000 最后更新：11:29:58
113577,春秋转债,sh603890,春秋电子,C,10.85,2021-09-03,2020-10-20,2026-04-13,2024-04-15,,,100.000,y,54.92,30,30,0,0.00,,,10.58,112.000,n,130.000,15,30,2,,X,2.400,1.777,AA-,AA-,股份质押担保和保证,,,,shmb,,,113577,113577,0.8750,753890,754890,,N,N,71.240,buy,R,,2.42,N,439175264.0,387107945.0,Y,13.83,5956.65,-1.14%,00,buy,buy,buy,11:29:59,127.47,17.49%,4.233,-5.65%,-6.32%,149.770,149.770,-0.49%,2824.62,Y,0,0,,-,,N,-,buy,-,26-04-13,167.26,14.11,7.59,3.3%,2.9%,"转债占流动市值比：3.3%
转债占总市值比：2.9%",0.00,603890,sh113577,有效期：-；质押代码：113577,113577；2020-10-20 开始转股,全价：149.770 最后更新：11:29:59
113027,华钰转债,sh601020,ST华钰,C,10.17,,2019-12-20,2025-06-13,2023-06-14,,,100.000,y,60.13,30,30,0,0.00,,,118.53,110.000,n,130.000,15,30,0,,N,6.400,3.098,A,A,无担保,,,,shmb,2021年11月10日公告，本次（2021年10月19日至2021年11月9日）不行使提前赎回权利，至2022年4月18日均不提前赎回,,113027,113027,1.2160,764020,783020,,N,N,4.450,buy,,,2.46,N,555333979.0,555333979.0,Y,11.84,10661.23,4.78%,00,buy,buy,buy,11:30:00,116.42,17.65%,3.400,-5.28%,-5.98%,136.970,136.970,6.08%,50570.78,Y,0,0,G,-,,N,-,buy,-,25-06-13,154.62,13.22,7.12,4.7%,4.7%,"转债占流动市值比：4.7%
转债占总市值比：4.7%",0.00,601020,sh113027,有效期：-；质押代码：113027,113027；2019-12-20 开始转股,全价：136.970 最后更新：11:30:00
113051,节能转债,sh601016,节能风电,C,4.05,,2021-12-27,2027-06-21,2025-06-20,,,100.000,y,52.02,30,30,0,0.00,,,3.43,110.000,n,130.000,15,30,0,,N,30.000,29.994,AA+,AA+,无担保,,,,shmb,2022年1月18日公告：本次（2021年12月27日至2022年1月17日）不提前赎回，至2023年1月17日均不提前赎回,,113051,113051,0.5980,764016,783016,,N,N,63.210,buy,R,,2.57,N,5012803683.0,4480613364.0,Y,5.45,24982.68,-1.80%,00,buy,buy,buy,11:30:00,134.57,17.69%,5.422,-5.89%,-6.32%,158.380,158.380,-1.47%,16441.72,Y,0,0,G,-,,N,-,buy,-,27-06-21,176.07,5.26,2.83,12.3%,11.0%,"转债占流动市值比：12.3%
转债占总市值比：11.0%",0.00,601016,sh113051,有效期：-；质押代码：113051,113051；2021-12-27 开始转股,全价：158.380 最后更新：11:30:00
113599,嘉友转债,sh603871,嘉友国际,C,18.32,2021-06-15,2021-02-18,2026-08-04,2024-08-04,,,100.000,y,59.65,30,30,0,0.00,,,0.26,120.000,n,130.000,15,30,0,,X,7.200,7.198,AA-,AA-,无担保,,,,shmb,,,113599,113599,3.2790,753871,754871,,N,N,90.430,buy,,,3.11,N,316960704.0,285385258.0,Y,21.50,888.30,0.84%,00,buy,buy,buy,11:27:49,117.36,17.72%,4.542,-2.12%,-3.02%,138.160,138.160,-0.03%,256.40,Y,0,0,,-,,N,-,buy,-,26-08-04,155.88,23.82,12.82,11.7%,10.6%,"转债占流动市值比：11.7%
转债占总市值比：10.6%",0.00,603871,sh113599,有效期：-；质押代码：113599,113599；2021-02-18 开始转股,全价：138.160 最后更新：11:27:49
113602,景20转债,sh603228,景旺电子,C,27.40,2021-05-12,2021-03-01,2026-08-23,2024-08-23,,,100.000,y,57.31,30,30,0,0.00,,,0.84,108.000,n,130.000,15,30,0,,X,17.800,17.798,AA,AA,无担保,,,,shmb,,,113602,113602,2.0900,753228,754228,,N,N,85.940,buy,R,,4.04,N,851672591.0,841872019.0,Y,33.47,10705.34,1.12%,00,buy,buy,buy,11:29:48,122.15,17.85%,4.595,-5.24%,-5.71%,143.950,143.950,1.98%,2160.13,Y,1,1,,-,,N,-,buy,-,26-08-23,161.80,35.62,19.18,6.3%,6.2%,"转债占流动市值比：6.3%
转债占总市值比：6.2%",0.00,603228,sh113602,有效期：-；质押代码：113602,113602；2021-03-01 开始转股,全价：143.950 最后更新：11:29:48
110038,济川转债,sh600566,济川药业,C,23.40,2021-05-26,2018-05-17,2022-11-12,2020-11-13,,,100.000,y,45.00,30,30,0,0.00,,,7.33,100.000,y,125.000,15,30,2,,X,8.430,6.302,AA,AA,无担保,,,,shmb,,,110038,110038,1.0410,704566,733566,,N,N,15.921,buy,R,,2.66,N,888273021.0,888273021.0,Y,26.00,32433.74,-5.21%,00,buy,buy,buy,11:29:59,111.11,17.86%,0.814,-23.41%,-24.53%,130.950,130.950,-3.59%,6151.56,Y,1,1,,-,,N,-,buy,-,22-11-12,148.81,29.25,11.70,2.7%,2.7%,"转债占流动市值比：2.7%
转债占总市值比：2.7%",0.00,600566,sh110038,有效期：-；质押代码：110038,110038；2018-05-17 开始转股,全价：130.950 最后更新：11:29:59
127028,英特转债,sz000411,英特集团,C,13.22,2021-12-24,2021-07-12,2027-01-04,2025-01-06,,,100.000,y,65.58,30,30,0,0.00,,,3.51,108.000,n,130.000,15,30,0,,X,6.000,5.989,AA+,AA+,无担保,,,,szmb,,,127028,127028,2.4102,080411,070411,,N,N,52.150,buy,,,1.91,N,255376150.0,207422211.0,Y,14.11,4213.40,-0.91%,00,buy,buy,buy,12:43:03,106.73,17.91%,4.962,-2.22%,-2.67%,125.850,125.850,-0.35%,2654.10,Y,1,1,,-,,N,-,buy,-,27-01-04,143.76,17.19,9.25,20.5%,16.6%,"转债占流动市值比：20.5%
转债占总市值比：16.6%",0.00,000411,sz127028,有效期：-；质押代码：127028,127028；2021-07-12 开始转股,全价：125.850 最后更新：12:43:03
110066,盛屯转债,sh600711,盛屯矿业,C,4.87,2021-07-14,2020-09-07,2026-03-02,2024-03-01,,,100.000,y,33.75,30,30,0,0.00,,,3.23,110.000,n,130.000,15,30,0,,N,23.860,3.834,AA,AA,无担保,,,,shmb,2021年12月25日公告：本次（2021年12月6日至2021年12月24日）不提前赎回，至2022年1月24日均不提前赎回,,110066,110066,1.0330,704711,733711,,N,N,33.540,buy,R,,2.24,N,2747143184.0,2605882223.0,Y,10.10,24808.11,-2.32%,00,buy,buy,buy,11:29:57,207.39,17.95%,4.118,-17.03%,-17.52%,244.620,244.620,-2.65%,3080.08,Y,0,0,G,-,,N,-,buy,-,26-03-02,262.57,6.33,3.41,1.5%,1.4%,"转债占流动市值比：1.5%
转债占总市值比：1.4%",0.00,600711,sh110066,有效期：-；质押代码：110066,110066；2020-09-07 开始转股,全价：244.620 最后更新：11:29:57
113629,泉峰转债,sh603982,泉峰汽车,C,23.03,,2022-03-22,2027-09-13,2025-09-15,,,100.000,y,50.11,30,30,0,0.00,,,49.55,115.000,n,130.000,15,30,0,,X,6.200,6.200,AA-,AA-,无,,,,shmb,,,未到转股期,113629,3.0780,753982,754982,,N,N,36.230,buy,,,3.56,N,201415700.0,81723140.0,Y,32.17,47097.56,-9.99%,00,buy,buy,buy,11:29:55,139.69,17.98%,5.652,-5.41%,-5.99%,164.810,164.810,1.25%,50989.92,Y,0,0,,-,,N,-,buy,-,27-09-13,182.79,29.94,16.12,23.6%,9.6%,"转债占流动市值比：23.6%
转债占总市值比：9.6%",0.00,603982,sh113629,有效期：-；质押代码：113629,未到转股期；2022-03-22 开始转股,全价：164.810 最后更新：11:29:55
110053,苏银转债,sh600919,江苏银行,C,6.37,2021-06-18,2019-09-20,2025-03-13,,,,,y,,15,30,0,0.80,2022-01-19,2022-01-19,1.23,111.000,n,130.000,15,30,0,,X,200.000,199.993,AAA,AAA,无担保,,,,shmb,,,110053,110053,1.7320,704919,733919,,N,N,26.970,buy,R,,0.53,N,14769628784.0,14679866951.0,Y,6.73,50197.68,-0.15%,00,buy,buy,buy,11:29:59,105.65,18.01%,3.148,-1.71%,-2.70%,124.680,124.680,0.12%,30684.63,Y,0,0,,-,,N,-,buy,-,25-03-13,142.69,8.28,-,20.2%,20.1%,"转债占流动市值比：20.2%
转债占总市值比：20.1%",0.00,600919,sh110053,有效期：2022-01-19 到 2022-01-19；质押代码：110053,110053；2019-09-20 开始转股,全价：124.680 最后更新：11:29:59
123130,设研转债,sz300732,设研院,C,11.24,,2022-05-17,2027-11-10,2025-11-10,,,100.000,y,57.85,30,30,0,0.00,,,54.74,112.000,n,130.000,15,30,0,,X,3.760,3.760,AA,AA,无,,,,szcy,,,未到转股期,123130,1.3718,380732,370732,,N,N,63.570,-,,,1.48,N,275296402.0,269977503.0,Y,13.60,23141.23,4.62%,00,buy,buy,buy,12:43:03,121.00,18.26%,5.811,-3.44%,-3.93%,143.100,143.100,3.70%,29682.02,Y,0,0,,-,,N,-,buy,-,27-11-10,161.36,14.61,7.87,10.2%,10.0%,"转债占流动市值比：10.2%
转债占总市值比：10.0%",0.00,300732,sz123130,有效期：-；质押代码：123130,未到转股期；2022-05-17 开始转股,全价：143.100 最后更新：12:43:03
128076,金轮转债,sz002722,金轮股份,C,14.66,2021-05-31,2020-04-20,2025-10-14,2023-10-13,,,100.000,y,63.27,30,30,0,0.00,,,3.45,110.000,n,130.000,15,30,0,,X,2.140,2.138,AA-,AA-,无担保,,,,szmb,,,128076,128076,1.2196,082722,072722,,N,N,37.890,buy,,,1.42,N,175478558.0,175462283.0,Y,16.22,1520.72,0.00%,00,buy,buy,buy,12:43:03,110.64,18.56%,3.737,-3.68%,-4.33%,131.178,131.178,-0.28%,968.79,Y,0,0,,-,,N,-,buy,-,25-10-14,149.74,19.06,10.26,7.5%,7.5%,"转债占流动市值比：7.5%
转债占总市值比：7.5%",0.00,002722,sz128076,有效期：-；质押代码：128076,128076；2020-04-20 开始转股,全价：131.178 最后更新：12:43:03
113610,灵康转债,sh603669,灵康药业,C,8.61,2021-05-31,2021-06-07,2026-11-30,2024-11-29,,,100.000,y,66.89,30,30,0,0.00,,,0.90,115.000,n,130.000,15,30,0,,X,5.250,4.580,AA-,AA-,控股股东灵康控股保证的担保方式,,,,shmb,,,113610,113610,0.7350,753669,754669,,N,N,78.680,buy,,,4.42,N,721227382.0,721227382.0,Y,9.01,1404.83,-1.10%,00,buy,buy,buy,11:29:59,104.65,18.63%,4.866,-0.59%,-1.31%,124.150,124.150,0.00%,509.70,Y,0,0,,-,,N,-,buy,-,26-11-30,142.78,11.19,6.03,7.0%,7.0%,"转债占流动市值比：7.0%
转债占总市值比：7.0%",0.00,603669,sh113610,有效期：-；质押代码：113610,113610；2021-06-07 开始转股,全价：124.150 最后更新：11:29:59
128141,旺能转债,sz002034,旺能环境,C,15.97,2021-05-31,2021-06-23,2026-12-16,2024-12-16,,,100.000,y,57.06,30,30,0,0.00,,,0.59,110.000,n,130.000,15,30,0,,X,14.000,12.702,AA,AA,无担保,,,,szmb,,,128141,128141,3.3225,082034,072034,,N,N,69.760,buy,,,1.62,N,429491129.0,426240243.0,Y,19.59,4368.84,-0.56%,00,buy,buy,buy,12:43:03,122.67,18.65%,4.910,-4.79%,-5.29%,145.546,145.546,0.38%,1085.13,Y,0,0,,-,,N,-,buy,-,26-12-16,164.20,20.76,11.18,15.2%,15.1%,"转债占流动市值比：15.2%
转债占总市值比：15.1%",0.00,002034,sz128141,有效期：-；质押代码：128141,128141；2021-06-23 开始转股,全价：145.546 最后更新：12:43:03
128140,润建转债,sz002929,润建股份,C,26.40,2021-06-07,2021-06-15,2026-12-04,2024-12-06,,,100.000,y,51.19,30,30,0,0.00,,,0.96,110.000,n,130.000,15,30,0,,N,10.900,10.897,AA,AA,无担保,,,,szmb,2021年11月25日公告：本次（2021年11月08日至2021年11月24日）不行使提前赎回权利，至2022年12月31日均不提前赎回,,128140,128140,4.9377,082929,072929,,N,N,83.270,buy,,,2.34,N,228728817.0,168506828.0,Y,36.10,7107.64,-1.10%,00,buy,buy,buy,12:43:03,136.74,18.73%,4.877,-6.96%,-7.44%,162.350,162.350,-0.25%,1705.47,Y,0,0,G,-,,N,-,buy,-,26-12-04,181.08,34.32,18.48,17.9%,13.2%,"转债占流动市值比：17.9%
转债占总市值比：13.2%",0.00,002929,sz128140,有效期：-；质押代码：128140,128140；2021-06-15 开始转股,全价：162.350 最后更新：12:43:03
113011,光大转债,sh601818,光大银行,C,3.55,2021-07-21,2017-09-18,2023-03-17,,,,,n,,0,0,0,0.74,2022-01-19,2022-01-19,0.74,105.000,n,130.000,15,30,0,,X,300.000,241.980,AAA,AAA,无担保,,,,shmb,,,113011,113011,0.7530,764818,783818,4,N,N,,buy,R,,0.39,Y,54031918195.0,41353182695.0,Y,3.43,31445.43,0.29%,00,buy,buy,buy,11:29:58,96.62,18.85%,1.156,-6.16%,-7.19%,114.830,114.830,0.47%,20426.30,Y,0,0,,-,,N,-,buy,-,23-03-17,133.68,4.62,-,17.1%,13.1%,"转债占流动市值比：17.1%
转债占总市值比：13.1%",0.00,601818,sh113011,有效期：2022-01-19 到 2022-01-19；质押代码：113011,113011；2017-09-18 开始转股,全价：114.830 最后更新：11:29:58
113048,晶科转债,sh601778,晶科科技,C,5.46,2021-10-27,2021-10-29,2027-04-22,2025-04-22,,,100.000,y,52.43,30,30,0,0.00,,,2.68,112.000,n,130.000,15,30,0,,N,30.000,22.968,AA,AA,无,,,,shmb,2021年11月19日公告：本次（2021年10月29日至2021年11月18日）不行使提前赎回权利，至2022年5月18日均不提前赎回,,113048,113048,1.0840,764778,783778,,N,N,37.350,buy,,,1.78,N,2894294611.0,2040894611.0,Y,7.29,14212.71,0.55%,00,buy,buy,buy,11:29:57,133.52,18.97%,5.258,-5.73%,-6.25%,158.850,158.850,-0.07%,9843.96,Y,1,1,G,-,,N,-,buy,-,27-04-22,177.82,7.10,3.82,15.4%,10.9%,"转债占流动市值比：15.4%
转债占总市值比：10.9%",0.00,601778,sh113048,有效期：-；质押代码：113048,113048；2021-10-29 开始转股,全价：158.850 最后更新：11:29:57
113579,健友转债,sh603707,健友股份,C,32.20,2021-07-15,2020-10-29,2026-04-22,2024-04-22,,,100.000,y,60.38,30,30,0,0.00,,,1.02,109.000,n,130.000,15,30,2,,X,5.030,5.023,AA,AA,无担保,,,,shmb,,,113579,113579,0.7000,753707,754707,,N,N,89.020,buy,R,,10.44,N,1243600220.0,1240854555.0,Y,37.33,5179.69,-2.66%,00,buy,buy,buy,11:29:05,115.93,19.04%,4.258,-4.50%,-5.04%,138.000,138.000,-0.46%,713.08,Y,0,0,,-,,N,-,buy,-,26-04-22,157.04,41.86,22.54,1.1%,1.1%,"转债占流动市值比：1.1%
转债占总市值比：1.1%",0.00,603707,sh113579,有效期：-；质押代码：113579,113579；2020-10-29 开始转股,全价：138.000 最后更新：11:29:05
127013,创维转债,sz000810,创维数字,C,11.29,2021-06-10,2019-10-21,2025-04-15,2023-04-17,,,100.000,y,57.19,30,30,0,0.00,,,24.47,113.000,n,130.000,15,30,1,,X,10.400,9.778,AA,AA,无担保,,,,szmb,,,127013,127013,0.9821,080810,070810,,N,N,26.600,buy,R,,3.36,N,1063237105.0,1030222093.0,Y,13.82,63483.11,-0.36%,00,buy,buy,buy,12:43:03,122.41,19.12%,3.238,-6.62%,-7.47%,145.820,145.820,-1.31%,35648.35,Y,0,0,,-,,N,-,buy,-,25-04-15,164.94,14.68,7.90,6.9%,6.7%,"转债占流动市值比：6.9%
转债占总市值比：6.7%",0.00,000810,sz127013,有效期：-；质押代码：127013,127013；2019-10-21 开始转股,全价：145.820 最后更新：12:43:03
127020,中金转债,sz000060,中金岭南,C,4.63,2021-06-18,2021-01-25,2026-07-19,2024-07-22,,,100.000,y,65.87,30,30,0,0.00,,,0.20,110.000,n,130.000,15,30,0,,X,38.000,34.279,AA+,AA+,无担保,,,,szmb,,,127020,127020,1.0645,080060,070060,,N,N,55.990,buy,R,,1.37,N,3650034613.0,3648835938.0,Y,4.92,8109.77,-0.40%,00,buy,buy,buy,12:43:03,106.26,19.18%,4.499,-2.44%,-2.96%,126.641,126.641,0.19%,851.03,Y,0,0,,-,,N,-,buy,-,26-07-19,145.82,6.02,3.24,19.1%,19.1%,"转债占流动市值比：19.1%
转债占总市值比：19.1%",0.00,000060,sz127020,有效期：-；质押代码：127020,127020；2021-01-25 开始转股,全价：126.641 最后更新：12:43:03
128137,洁美转债,sz002859,洁美科技,C,27.63,2021-06-03,2021-05-10,2026-11-03,2024-11-04,,,100.000,y,54.93,30,30,0,0.00,,,0.62,112.000,n,130.000,15,30,0,,N,6.000,5.994,AA-,AA-,,,,,szmb,2021年12月28日公告：本次（2021年11月16日至2021年12月27日）不提前赎回，至2022年6月27日均不提前赎回,,128137,128137,1.4645,082859,072859,,N,N,81.230,buy,,,6.96,N,410020847.0,402836495.0,Y,35.21,7272.38,-1.18%,00,buy,buy,buy,12:43:03,127.43,19.45%,4.792,-5.45%,-6.02%,152.212,152.212,-1.94%,570.95,Y,0,0,G,-,,N,-,buy,-,26-11-03,171.66,35.92,19.34,4.2%,4.2%,"转债占流动市值比：4.2%
转债占总市值比：4.2%",0.00,002859,sz128137,有效期：-；质押代码：128137,128137；2021-05-10 开始转股,全价：152.212 最后更新：12:43:03
128044,岭南转债,sz002717,岭南股份,C,3.43,2021-12-01,2019-02-20,2024-08-14,2022-08-14,,,100.000,y,64.03,30,30,0,0.00,,,79.42,107.000,n,130.000,15,30,0,,X,6.600,6.589,AA-,AA-,无担保,,,,szmb,,,128044,128044,0.6542,082717,072717,,N,N,40.500,buy,,,1.30,N,1684418292.0,1125742527.0,Y,3.75,31335.23,9.97%,00,buy,buy,buy,12:43:03,109.33,19.45%,2.570,-6.46%,-7.13%,130.590,130.590,6.99%,67976.48,Y,2,2,,-,,N,-,buy,-,24-08-14,150.04,4.46,2.40,15.6%,10.4%,"转债占流动市值比：15.6%
转债占总市值比：10.4%",0.00,002717,sz128044,有效期：-；质押代码：128044,128044；2019-02-20 开始转股,全价：130.590 最后更新：12:43:03
128120,联诚转债,sz002921,联诚精密,C,18.44,2021-05-11,2021-01-25,2026-07-16,2024-07-16,,,100.000,y,65.79,30,30,0,0.00,,,6.61,112.000,n,130.000,15,30,0,,X,2.600,2.600,A,A,实际控制人提供股票质押担保和保证担保,,,,szmb,,,128120,128120,3.1862,082921,072921,,N,N,69.810,buy,,,2.35,N,106080816.0,81816321.0,Y,19.62,4195.60,1.82%,00,buy,buy,buy,12:43:03,106.40,19.49%,4.490,-1.70%,-2.38%,127.133,127.133,0.66%,2198.53,Y,0,0,,-,,N,-,buy,-,26-07-16,146.62,23.97,12.91,16.2%,12.5%,"转债占流动市值比：16.2%
转债占总市值比：12.5%",0.00,002921,sz128120,有效期：-；质押代码：128120,128120；2021-01-25 开始转股,全价：127.133 最后更新：12:43:03
128097,奥佳转债,sz002614,奥佳华,C,10.39,2021-04-30,2020-09-02,2026-02-25,2024-02-26,,,100.000,y,57.59,30,30,0,0.00,,,1.01,110.000,n,130.000,15,30,1,,X,12.000,4.586,AA-,AA-,无担保,,,,szmb,,,128097,128097,2.1380,082614,072614,,N,N,75.270,buy,,,1.67,N,630693012.0,448080169.0,Y,12.63,3265.47,-0.86%,00,buy,buy,buy,12:43:03,121.56,19.56%,4.104,-5.68%,-6.27%,145.338,145.338,-0.52%,681.05,Y,0,0,,-,,N,-,buy,-,26-02-25,164.90,13.51,7.27,8.1%,5.8%,"转债占流动市值比：8.1%
转债占总市值比：5.8%",0.00,002614,sz128097,有效期：-；质押代码：128097,128097；2020-09-02 开始转股,全价：145.338 最后更新：12:43:03
113619,世运转债,sh603920,世运电路,C,19.92,2021-06-17,2021-07-26,2027-01-19,2025-01-20,,,100.000,y,56.36,30,30,0,0.00,,,1.30,110.000,n,130.000,15,30,0,,X,10.000,9.997,AA,AA,无,,,,shmb,,,113619,113619,2.4420,753920,754920,,N,N,85.813,buy,,,4.82,N,532247495.0,532173395.0,Y,24.74,10930.43,-0.88%,00,buy,buy,buy,11:29:31,124.20,19.75%,5.000,-5.11%,-5.60%,148.730,148.730,-0.17%,1929.08,Y,0,0,,-,,N,-,buy,-,27-01-19,168.48,25.90,13.94,7.6%,7.6%,"转债占流动市值比：7.6%
转债占总市值比：7.6%",0.00,603920,sh113619,有效期：-；质押代码：113619,113619；2021-07-26 开始转股,全价：148.730 最后更新：11:29:31
123098,一品转债,sz300723,一品红,C,25.48,2021-08-25,2021-08-03,2027-01-27,2025-01-27,,,100.000,y,55.89,30,30,0,0.00,,,0.87,118.000,n,130.000,15,30,0,,N,4.800,4.236,AA-,AA-,无担保,,,,szcy,2022年1月5日公告：本次（2021年11月24日至2021年1月5日）不提前赎回，至2022年7月5日均不提前赎回,,123098,123098,3.0423,380723,370723,,N,N,85.150,buy,,,5.26,N,288034274.0,124345043.0,Y,31.91,4400.66,-0.41%,00,buy,buy,buy,12:43:03,125.24,19.77%,5.025,-3.79%,-4.54%,150.000,150.000,-1.61%,557.66,Y,0,0,G,-,,N,-,buy,-,27-01-27,169.77,33.12,17.84,10.7%,4.6%,"转债占流动市值比：10.7%
转债占总市值比：4.6%",0.00,300723,sz123098,有效期：-；质押代码：123098,123098；2021-08-03 开始转股,全价：150.000 最后更新：12:43:03
123105,拓尔转债,sz300229,拓尔思,C,9.96,2021-08-12,2021-09-27,2027-03-18,2025-03-18,,,100.000,y,60.05,30,30,0,0.00,,,1.54,115.000,n,130.000,15,30,0,,X,8.000,7.999,AA-,AA-,无,,,,szcy,,,123105,123105,1.1157,380229,370229,,N,N,57.500,buy,,,3.44,N,714757283.0,713331742.0,Y,11.61,15590.53,1.13%,00,buy,buy,buy,12:43:03,116.57,19.80%,5.162,-2.78%,-3.44%,139.649,139.649,0.54%,1722.48,Y,0,0,,-,,N,-,buy,-,27-03-18,159.45,12.95,6.97,9.7%,9.6%,"转债占流动市值比：9.7%
转债占总市值比：9.6%",0.00,300229,sz123105,有效期：-；质押代码：123105,123105；2021-09-27 开始转股,全价：139.649 最后更新：12:43:03
113502,嘉澳转债,sh603822,嘉澳环保,C,44.64,2021-06-24,2018-05-17,2023-11-09,2021-11-10,,,100.000,y,60.95,30,30,0,0.00,,,4.66,108.000,n,130.000,15,30,0,,X,1.850,1.844,AA-,A+,公司控股股东桐乡市顺昌投资有限公司,,,,shmb,,,113502,113502,2.5220,753822,754822,,N,N,59.814,buy,,,4.32,N,73362554.0,72518133.0,Y,51.27,5732.39,-0.19%,00,buy,buy,buy,11:27:54,114.85,19.87%,1.805,-11.87%,-12.74%,137.670,137.670,0.00%,1183.95,Y,0,0,,-,,N,-,buy,-,23-11-09,157.54,58.03,31.25,5.0%,4.9%,"转债占流动市值比：5.0%
转债占总市值比：4.9%",0.00,603822,sh113502,有效期：-；质押代码：113502,113502；2018-05-17 开始转股,全价：137.670 最后更新：11:27:54
127038,国微转债,sz002049,紫光国微,C,137.78,,2021-12-17,2027-06-09,2025-06-09,,,100.000,y,42.06,30,30,0,0.00,,,6.31,110.000,n,130.000,15,30,0,,N,15.000,14.948,AA+,AA+,无,,,,szmb,2022年1月8日公告：本次（2021年12月17日至2022年1月7日）不提前赎回，至 2022年7月7日均不提前赎回,,127038,127038,2.4719,082049,072049,,N,N,46.570,buy,R,,20.62,N,606837179.0,606837179.0,Y,229.33,175499.24,3.74%,00,buy,buy,buy,12:43:03,166.45,19.89%,5.389,-9.92%,-10.33%,199.561,199.561,1.82%,19088.17,Y,0,0,G,-,,N,-,buy,-,27-06-09,219.45,179.11,96.45,1.1%,1.1%,"转债占流动市值比：1.1%
转债占总市值比：1.1%",0.00,002049,sz127038,有效期：-；质押代码：127038,127038；2021-12-17 开始转股,全价：199.561 最后更新：12:43:03
110071,湖盐转债,sh600929,雪天盐业,C,6.52,2021-05-31,2021-01-18,2026-07-09,2024-07-09,,,100.000,y,62.26,30,30,0,0.00,,,4.43,110.000,n,130.000,15,30,0,,X,7.200,7.198,AA,AA,无担保,,,,shmb,,,110071,110071,0.7840,704929,733929,,N,N,78.196,buy,R,,2.51,N,931898142.0,917778142.0,Y,7.33,3958.76,-2.66%,00,buy,buy,buy,11:29:55,112.42,20.17%,4.471,-3.62%,-4.19%,135.100,135.100,0.47%,4301.39,Y,0,0,,-,,N,-,buy,-,26-07-09,155.27,8.48,4.56,10.7%,10.5%,"转债占流动市值比：10.7%
转债占总市值比：10.5%",0.00,600929,sh110071,有效期：-；质押代码：110071,110071；2021-01-18 开始转股,全价：135.100 最后更新：11:29:55
123050,聚飞转债,sz300303,聚飞光电,C,5.08,2021-06-30,2020-10-20,2026-04-13,2024-04-15,,,100.000,y,57.63,30,30,0,0.00,,,1.43,118.000,n,130.000,15,30,0,,X,7.050,3.746,AA-,AA-,无担保,,,,szcy,,,123050,123050,0.5513,380303,370303,,N,N,43.220,buy,,,2.93,N,1342588701.0,1223105685.0,Y,6.17,7817.60,-0.64%,00,buy,buy,buy,12:43:03,121.46,20.21%,4.233,-3.90%,-4.79%,146.010,146.010,-0.41%,781.86,Y,0,0,,-,,N,-,buy,-,26-04-13,166.22,6.60,3.56,5.0%,4.5%,"转债占流动市值比：5.0%
转债占总市值比：4.5%",0.00,300303,sz123050,有效期：-；质押代码：123050,123050；2020-10-20 开始转股,全价：146.010 最后更新：12:43:03
128029,太阳转债,sz002078,太阳纸业,C,8.45,2021-07-08,2018-06-28,2022-12-22,2020-12-22,,,100.000,y,50.64,30,30,0,0.00,,,0.85,106.000,n,130.000,15,30,0,,N,12.000,9.086,AA+,AA+,无担保,,,,szmb,2022年1月1日公告：本次不提前赎回，至存续期结束前（即2022年12月22日前）均不行使提前赎回权利,,128029,128029,0.4628,082078,072078,,N,N,73.570,buy,R,,1.64,N,2687002843.0,2612712093.0,Y,11.68,13408.86,0.34%,00,buy,buy,buy,12:43:03,138.22,20.31%,0.923,-39.28%,-40.07%,166.299,166.299,1.40%,1289.74,Y,0,0,G,-,,N,-,buy,-,22-12-22,186.61,10.98,5.92,3.0%,2.9%,"转债占流动市值比：3.0%
转债占总市值比：2.9%",0.00,002078,sz128029,有效期：-；质押代码：128029,128029；2018-06-28 开始转股,全价：166.299 最后更新：12:43:03
123057,美联转债,sz300586,美联新材,C,9.50,2021-07-12,2021-01-07,2026-06-30,2024-07-01,,,100.000,y,58.95,30,30,0,0.00,,,7.69,112.000,n,130.000,15,30,0,,N,2.070,2.066,AA-,AA-,无担保,,,,szcy,2021年12月13日公告：本次（2021年11月19日至2021年12月13日）不提前赎回，至2022年6月13日均提前赎回,,123057,123057,0.4533,380586,370586,,N,N,82.410,buy,,,4.81,N,524473683.0,346950508.0,Y,11.28,3882.28,-0.88%,00,buy,buy,buy,12:43:03,118.74,20.43%,4.447,-4.36%,-5.01%,143.000,143.000,-0.36%,2282.59,Y,0,0,G,-,,N,-,buy,-,26-06-30,163.43,12.35,6.65,5.3%,3.5%,"转债占流动市值比：5.3%
转债占总市值比：3.5%",0.00,300586,sz123057,有效期：-；质押代码：123057,123057；2021-01-07 开始转股,全价：143.000 最后更新：12:43:03
128134,鸿路转债,sz002541,鸿路钢构,C,43.51,2021-06-09,2021-04-15,2026-10-08,2024-10-08,,,100.000,y,55.55,30,30,0,0.00,,,2.91,110.000,n,130.000,15,30,1,,X,18.800,15.728,AA,AA,无担保,,,,szmb,,,128134,128134,3.5897,082541,072541,,N,N,82.450,buy,,,4.19,N,530777158.0,378273361.0,Y,54.83,18559.24,5.67%,00,buy,buy,buy,12:43:03,126.02,20.70%,4.721,-5.88%,-6.39%,152.108,152.108,3.05%,6952.44,Y,0,0,,-,,N,-,buy,-,26-10-08,172.81,56.56,30.46,7.6%,5.4%,"转债占流动市值比：7.6%
转债占总市值比：5.4%",0.00,002541,sz128134,有效期：-；质押代码：128134,128134；2021-04-15 开始转股,全价：152.108 最后更新：12:43:03
113044,大秦转债,sh601006,大秦铁路,C,7.18,2021-07-08,2021-06-18,2026-12-13,2024-12-13,,,100.000,y,76.15,30,30,0,0.72,2022-01-19,2022-01-19,0.46,108.000,n,120.000,15,30,0,,X,320.000,319.992,AAA,AAA,无担保,,,,shmb,,,113044,113044,2.1520,764006,783006,,N,N,72.460,buy,R,,0.79,N,14866908025.0,14866908025.0,Y,6.60,15881.59,1.23%,00,buy,buy,buy,11:29:59,91.92,20.76%,4.901,0.54%,0.02%,111.000,111.000,0.63%,16501.98,Y,0,0,,-,,N,-,buy,-,26-12-13,131.76,8.62,5.03,32.6%,32.6%,"转债占流动市值比：32.6%
转债占总市值比：32.6%",0.00,601006,sh113044,有效期：2022-01-19 到 2022-01-19；质押代码：113044,113044；2021-06-18 开始转股,全价：111.000 最后更新：11:29:59
127047,帝欧转债,sz002798,帝欧家居,C,13.53,,2022-04-29,2027-10-25,2025-10-27,,,100.000,y,62.81,30,30,0,0.00,,,0.71,115.000,n,130.000,15,30,0,,X,15.000,15.000,AA-,AA-,无担保,,,,szmb,,,未到转股期,127047,3.8770,082798,072798,,N,N,49.880,-,,,1.27,N,386893064.0,222617840.0,Y,15.08,10661.44,2.31%,00,buy,buy,buy,12:43:03,111.46,20.93%,5.767,-1.97%,-2.56%,134.787,134.787,0.75%,1439.28,Y,0,0,,-,,N,-,buy,-,27-10-25,155.72,17.59,9.47,44.7%,25.7%,"转债占流动市值比：44.7%
转债占总市值比：25.7%",0.00,002798,sz127047,有效期：-；质押代码：127047,未到转股期；2022-04-29 开始转股,全价：134.787 最后更新：12:43:03
123087,明电转债,sz300739,明阳电路,C,16.32,2021-05-24,2021-06-21,2026-12-14,2025-12-15,,,100.000,y,56.34,30,30,0,0.00,,,2.62,115.000,n,130.000,15,30,0,,X,6.730,4.189,AA-,AA-,无担保,,,,szcy,,,123087,123087,2.4094,380739,370739,,N,N,84.410,buy,R,,2.99,N,294757909.0,288240829.0,Y,17.38,2635.67,-0.86%,00,buy,buy,buy,12:43:03,106.50,21.04%,4.904,-1.34%,-2.05%,128.912,128.912,0.24%,1414.14,Y,1,1,,-,,N,-,buy,-,26-12-14,149.95,21.22,9.79,8.4%,8.2%,"转债占流动市值比：8.4%
转债占总市值比：8.2%",0.00,300739,sz123087,有效期：-；质押代码：123087,123087；2021-06-21 开始转股,全价：128.912 最后更新：12:43:03
118002,天合转债,sh688599,天合光能,C,50.51,,2022-02-21,2027-08-12,2025-08-12,,,100.000,y,52.08,30,30,0,0.00,,,2.49,115.000,n,130.000,15,30,0,,X,52.520,52.520,AA,AA,无,,,,shkc,,,未到转股期,118002,2.5400,726599,718599,,N,N,63.350,buy,R,,8.59,N,2073667807.0,1219295285.0,Y,67.89,61336.50,0.94%,00,buy,buy,buy,11:29:56,134.41,21.13%,5.564,-5.40%,-5.97%,162.810,162.810,2.27%,21161.29,Y,0,0,,-,,N,-,buy,-,27-08-12,183.94,65.66,35.36,6.3%,3.7%,"转债占流动市值比：6.3%
转债占总市值比：3.7%",0.00,688599,sh118002,有效期：-；质押代码：118002,未到转股期；2022-02-21 开始转股,全价：162.810 最后更新：11:29:56
113030,东风转债,sh601515,东风股份,C,6.40,2021-11-12,2020-06-30,2025-12-23,2023-12-25,,,100.000,y,55.65,30,30,0,0.00,,,3.97,112.000,n,130.000,15,30,6,,X,2.950,2.949,AA,AA,无担保,,,,shmb,,,113030,113030,0.2210,764515,783515,,N,N,13.210,buy,R,,2.70,N,1535743492.0,1334423360.0,Y,8.05,6080.66,-0.98%,00,buy,buy,buy,11:29:33,125.78,21.27%,3.929,-6.77%,-7.43%,152.530,152.530,-0.75%,1790.51,Y,0,0,,-,,N,-,buy,-,25-12-23,173.80,8.32,4.48,2.7%,2.4%,"转债占流动市值比：2.7%
转债占总市值比：2.4%",0.00,601515,sh113030,有效期：-；质押代码：113030,113030；2020-06-30 开始转股,全价：152.530 最后更新：11:29:33
110063,鹰19转债,sh600567,山鹰国际,C,3.26,2021-07-05,2020-06-19,2025-12-12,2023-12-12,,,100.000,y,69.57,30,30,0,0.00,,,0.25,111.000,n,130.000,15,30,0,,X,18.600,18.092,AA+,AA+,无担保,,,,shmb,,,110063,110063,0.4120,704567,733567,,N,N,31.650,buy,R,,0.91,N,4616166707.0,4616166707.0,Y,3.28,7084.80,0.00%,00,buy,buy,buy,11:29:18,100.61,21.50%,3.899,-1.49%,-2.18%,122.240,122.240,0.31%,551.27,Y,0,0,,-,,N,-,buy,-,25-12-12,143.74,4.24,2.28,11.9%,11.9%,"转债占流动市值比：11.9%
转债占总市值比：11.9%",0.00,600567,sh110063,有效期：-；质押代码：110063,110063；2020-06-19 开始转股,全价：122.240 最后更新：11:29:18
128034,江银转债,sz002807,江阴银行,C,4.32,2021-05-13,2018-08-01,2024-01-26,,,,,y,,15,30,0,0.00,,,3.72,106.000,n,130.000,15,30,0,,X,20.000,17.581,AA+,AA+,无担保,,,,szmb,,,128034,128034,1.1316,082807,072807,,N,N,37.000,buy,,,0.72,N,2172009851.0,2169436768.0,Y,4.13,28960.53,4.56%,00,buy,buy,buy,12:43:03,95.60,21.50%,2.019,-3.46%,-4.20%,116.158,116.158,0.74%,7606.67,Y,2,2,,-,,N,-,buy,-,24-01-26,137.66,5.62,-,19.6%,19.6%,"转债占流动市值比：19.6%
转债占总市值比：19.6%",0.00,002807,sz128034,有效期：-；质押代码：128034,128034；2018-08-01 开始转股,全价：116.158 最后更新：12:43:03
128066,亚泰转债,sz002811,郑中设计,C,9.27,2021-06-15,2019-10-23,2025-04-17,2023-04-17,,,100.000,y,71.70,30,30,0,0.00,,,0.84,112.000,n,130.000,15,30,0,,X,4.800,4.798,AA-,AA-,"连带责任保证,保证人深圳市亚泰一兆投资有限公司",,,,szmb,,,128066,128066,2.6666,082811,072811,,N,N,77.910,buy,,,1.60,N,270023688.0,239078995.0,Y,9.05,598.02,0.44%,00,buy,buy,buy,12:43:03,97.63,21.54%,3.244,-0.52%,-1.43%,118.660,118.660,0.82%,478.93,Y,1,1,,-,,N,-,buy,-,25-04-17,140.20,12.05,6.49,22.2%,19.6%,"转债占流动市值比：22.2%
转债占总市值比：19.6%",0.00,002811,sz128066,有效期：-；质押代码：128066,128066；2019-10-23 开始转股,全价：118.660 最后更新：12:43:03
113527,维格转债,sh603518,锦泓集团,C,9.85,2020-08-05,2019-07-30,2025-01-23,2023-01-23,,,100.000,y,61.29,30,30,0,0.00,,,8.14,115.000,n,130.000,15,30,1,,X,7.460,2.864,AA,AA,无担保,,,,shmb,,,113527,113527,4.1310,753518,754518,,N,N,4.910,buy,,,1.35,N,296628771.0,296628771.0,Y,11.25,1803.62,0.18%,00,buy,buy,buy,11:29:54,114.21,21.77%,3.014,-5.01%,-6.05%,139.070,139.070,0.27%,3245.13,Y,1,1,,-,,N,-,buy,-,25-01-23,160.84,12.80,6.89,8.6%,8.6%,"转债占流动市值比：8.6%
转债占总市值比：8.6%",0.00,603518,sh113527,有效期：-；质押代码：113527,113527；2019-07-30 开始转股,全价：139.070 最后更新：11:29:54
123060,苏试转债,sz300416,苏试试验,C,19.05,2022-01-11,2021-01-27,2026-07-20,2024-07-22,,,100.000,y,42.95,30,30,0,0.00,,,6.96,112.000,n,130.000,15,30,0,,N,3.100,3.097,AA-,AA-,无担保,,,,szcy,2021年11月5日公告：本次（2021年10月18日至2021年11月5日）不行使提前赎回权利，至2022年5月5日均不提前赎回,,123060,123060,1.5243,380416,370416,,N,N,75.120,buy,,,8.26,N,284582225.0,261781906.0,Y,31.05,10255.23,-5.65%,00,buy,buy,buy,12:43:03,162.99,21.77%,4.501,-11.23%,-11.79%,198.470,198.470,-4.03%,4369.38,Y,0,0,G,-,,N,-,buy,-,26-07-20,220.24,24.77,13.34,3.8%,3.5%,"转债占流动市值比：3.8%
转债占总市值比：3.5%",0.00,300416,sz123060,有效期：-；质押代码：123060,123060；2021-01-27 开始转股,全价：198.470 最后更新：12:43:03
110075,南航转债,sh600029,南方航空,C,6.24,,2021-04-21,2026-10-14,2024-10-14,,,100.000,y,61.35,30,30,0,0.90,2022-01-19,2022-01-19,0.46,106.500,n,130.000,15,30,0,,X,160.000,58.960,AAA,AAA,无担保,,,,shmb,,,110075,110075,1.4470,704029,733029,,N,N,76.060,buy,R,,1.64,N,16948438028.0,10219858722.0,Y,7.12,18142.46,-1.11%,00,buy,buy,buy,11:30:00,114.10,21.82%,4.737,-4.91%,-5.27%,139.000,139.000,0.62%,3775.40,Y,0,0,,-,,N,-,buy,-,26-10-14,160.82,8.11,4.37,8.1%,4.9%,"转债占流动市值比：8.1%
转债占总市值比：4.9%",0.00,600029,sh110075,有效期：2022-01-19 到 2022-01-19；质押代码：110075,110075；2021-04-21 开始转股,全价：139.000 最后更新：11:30:00
128144,利民转债,sz002734,利民股份,C,11.50,2021-09-07,2021-09-06,2027-02-28,2025-02-28,,,100.000,y,59.37,30,30,0,0.00,,,0.45,110.000,n,130.000,15,30,0,,X,9.800,9.795,AA,AA,无,,,,szmb,,,128144,128144,2.6306,082734,072734,,N,N,33.124,buy,,,1.86,N,372560656.0,325293528.0,Y,13.56,3692.87,2.34%,00,buy,buy,buy,12:43:03,117.91,21.87%,5.112,-4.48%,-4.94%,143.696,143.696,1.48%,626.12,Y,1,1,,-,,N,-,buy,-,27-02-28,165.57,14.95,8.05,22.2%,19.4%,"转债占流动市值比：22.2%
转债占总市值比：19.4%",0.00,002734,sz128144,有效期：-；质押代码：128144,128144；2021-09-06 开始转股,全价：143.696 最后更新：12:43:03
113593,沪工转债,sh603131,上海沪工,C,21.12,2021-06-10,2021-01-25,2026-07-19,2024-07-22,,,100.000,y,57.26,30,30,0,0.00,,,2.12,115.000,n,130.000,15,30,0,,X,4.000,3.998,A+,A+,公司控股股东舒宏瑞不可撤销的连带责任保证担保,,,,shmb,,,113593,113593,1.2570,753131,754131,,N,N,55.560,buy,,,6.09,N,317982401.0,317982401.0,Y,25.82,3384.59,-1.30%,00,buy,buy,buy,11:29:53,122.25,22.05%,4.499,-4.61%,-5.36%,149.210,149.210,-0.01%,1271.09,Y,0,0,,-,,N,-,buy,-,26-07-19,171.26,27.46,14.78,4.9%,4.9%,"转债占流动市值比：4.9%
转债占总市值比：4.9%",0.00,603131,sh113593,有效期：-；质押代码：113593,113593；2021-01-25 开始转股,全价：149.210 最后更新：11:29:53
123107,温氏转债,sz300498,温氏股份,C,17.62,2021-07-08,2021-10-08,2027-03-28,2025-03-28,,,100.000,y,64.88,30,30,0,0.85,2022-01-19,2022-01-19,0.72,108.000,n,130.000,15,30,0,,X,92.970,92.965,AAA,AAA,无,,,,szcy,,,123107,123107,1.4587,380498,370498,,N,N,73.790,buy,R,,3.35,N,6351814344.0,4728906382.0,Y,19.01,49298.43,-3.26%,00,buy,buy,buy,12:43:03,107.89,22.17%,5.189,-2.98%,-3.41%,131.806,131.806,-1.18%,8902.76,Y,0,0,,-,,N,-,buy,-,27-03-28,153.98,22.91,12.33,10.3%,7.7%,"转债占流动市值比：10.3%
转债占总市值比：7.7%",0.00,300498,sz123107,有效期：2022-01-19 到 2022-01-19；质押代码：123107,123107；2021-10-08 开始转股,全价：131.806 最后更新：12:43:03
110057,现代转债,sh600420,国药现代,C,9.79,2021-06-25,2019-10-08,2025-03-31,2023-04-01,,,100.000,y,70.14,30,30,0,0.82,2022-01-19,2022-01-19,0.83,106.000,n,130.000,15,30,0,,X,16.160,16.157,AAA,AAA,无担保,,,,shmb,,,110057,110057,1.5290,704420,733420,,N,N,32.790,buy,,,1.16,N,1026964555.0,1026964555.0,Y,9.77,4929.86,-0.31%,00,buy,buy,buy,11:29:46,99.80,22.25%,3.197,-3.17%,-3.74%,122.010,122.010,0.02%,1651.25,Y,0,0,,-,,N,-,buy,-,25-03-31,144.26,12.73,6.85,16.1%,16.1%,"转债占流动市值比：16.1%
转债占总市值比：16.1%",0.00,600420,sh110057,有效期：2022-01-19 到 2022-01-19；质押代码：110057,110057；2019-10-08 开始转股,全价：122.010 最后更新：11:29:46
128090,汽模转2,sz002510,天汽模,C,4.23,2021-06-30,2020-07-03,2025-12-27,2023-12-27,,,100.000,y,66.09,30,30,0,0.00,,,2.62,110.000,n,130.000,15,30,0,,X,4.710,3.100,AA-,AA-,无担保,,,,szmb,,,128090,128090,0.5114,082510,072510,,N,N,41.350,buy,,,2.01,N,941616619.0,931317168.0,Y,4.48,6041.95,-0.88%,00,buy,buy,buy,12:43:03,105.91,22.26%,3.940,-3.17%,-3.79%,129.481,129.481,-0.54%,1057.02,Y,0,0,,-,,N,-,buy,-,25-12-27,151.74,5.50,2.96,7.4%,7.3%,"转债占流动市值比：7.4%
转债占总市值比：7.3%",0.00,002510,sz128090,有效期：-；质押代码：128090,128090；2020-07-03 开始转股,全价：129.481 最后更新：12:43:03
113516,苏农转债,sh603323,苏农银行,C,5.37,2021-06-08,2019-02-11,2024-08-01,,,,,n,,15,30,0,0.00,,,4.39,110.000,n,130.000,15,30,0,,X,25.000,12.885,AA+,AA+,无担保,,,,shmb,,,113516,113516,1.7260,753323,754323,,N,N,28.630,buy,R,,0.75,N,1803070253.0,1517793985.0,Y,5.44,5637.37,0.37%,00,buy,buy,buy,11:29:53,101.30,22.41%,2.534,-3.56%,-4.46%,124.000,124.000,1.42%,7011.14,Y,0,0,,-,,N,-,buy,-,24-08-01,146.41,6.98,-,15.6%,13.1%,"转债占流动市值比：15.6%
转债占总市值比：13.1%",0.00,603323,sh113516,有效期：-；质押代码：113516,113516；2019-02-11 开始转股,全价：124.000 最后更新：11:29:53
123118,惠城转债,sz300779,惠城环保,C,17.11,,2022-01-13,2027-07-06,2025-07-07,,,100.000,y,68.64,30,30,0,0.00,,,1.51,115.000,n,130.000,15,30,0,,X,3.200,3.200,A+,A+,无,,,,szcy,,,123118,123118,3.2000,380779,370779,,N,N,33.230,-,,,2.45,N,100000000.0,69884304.0,Y,17.45,1279.93,1.34%,00,buy,buy,buy,12:43:03,101.99,22.44%,5.463,-0.48%,-1.15%,124.880,124.880,0.22%,604.17,Y,0,0,,-,,N,-,buy,-,27-07-06,147.32,22.24,11.98,26.2%,18.3%,"转债占流动市值比：26.2%
转债占总市值比：18.3%",0.00,300779,sz123118,有效期：-；质押代码：123118,123118；2022-01-13 开始转股,全价：124.880 最后更新：12:43:03
110047,山鹰转债,sh600567,山鹰国际,C,3.30,2021-07-05,2019-05-27,2024-11-21,2022-11-21,,,100.000,y,70.43,30,30,0,0.00,,,0.46,113.000,n,130.000,15,30,0,,X,23.000,22.455,AA+,AA+,无担保,,,,shmb,,,110047,110047,0.5030,704567,733567,,N,N,14.080,buy,R,,0.91,N,4616166707.0,4616166707.0,Y,3.28,7084.80,0.00%,00,buy,buy,buy,11:29:16,99.39,22.49%,2.841,-1.56%,-2.56%,121.740,121.740,0.98%,1260.16,Y,0,0,,-,,N,-,buy,-,24-11-21,144.23,4.29,2.31,14.8%,14.8%,"转债占流动市值比：14.8%
转债占总市值比：14.8%",0.00,600567,sh110047,有效期：-；质押代码：110047,110047；2019-05-27 开始转股,全价：121.740 最后更新：11:29:16
127045,牧原转债,sz002714,牧原股份,C,47.91,,2022-02-21,2027-08-16,2025-08-15,,,100.000,y,62.05,30,30,0,0.00,,,0.30,107.000,n,130.000,15,30,0,,X,95.500,95.500,AA+,AA+,无,,,,szmb,,,未到转股期,127045,1.8145,082714,072714,,N,N,84.360,buy,R,,5.06,Y,5262358594.0,3550079179.0,Y,54.05,128305.98,-3.14%,00,buy,buy,buy,12:43:03,112.82,22.48%,5.575,-3.89%,-4.23%,138.183,138.183,-0.24%,3913.10,Y,0,0,,-,,N,-,buy,-,27-08-16,160.66,62.28,33.54,5.0%,3.4%,"转债占流动市值比：5.0%
转债占总市值比：3.4%",0.00,002714,sz127045,有效期：-；质押代码：127045,未到转股期；2022-02-21 开始转股,全价：138.183 最后更新：12:43:03
128109,楚江转债,sz002171,楚江新材,C,8.63,2021-05-31,2020-12-10,2026-06-03,2024-06-03,,,100.000,y,51.46,30,30,0,0.00,,,0.22,110.000,n,130.000,15,30,0,,N,18.300,18.226,AA,AA,无担保,,,,szmb,2021年11月30日公告：本次不行使楚江转债的提前赎回权利，至2022年11月29日均不提前赎回,,128109,128109,1.4176,082171,072171,,N,N,78.850,buy,R,,2.59,N,1334530042.0,1244685323.0,Y,11.74,17244.23,-3.85%,00,buy,buy,buy,12:43:03,136.04,22.49%,4.373,-8.29%,-8.83%,166.636,166.636,-1.33%,662.25,Y,0,0,G,-,,N,-,buy,-,26-06-03,189.13,11.22,6.04,12.5%,11.6%,"转债占流动市值比：12.5%
转债占总市值比：11.6%",0.00,002171,sz128109,有效期：-；质押代码：128109,128109；2020-12-10 开始转股,全价：166.636 最后更新：12:43:03
113565,宏辉转债,sh603336,宏辉果蔬,C,7.64,2021-05-17,2020-09-03,2026-02-25,2024-02-26,,,100.000,y,66.60,30,30,0,0.00,,,21.74,112.000,n,130.000,15,30,0,,X,3.320,2.253,AA-,AA-,公司实际控制人担保,,,,shmb,,,113565,113565,1.4730,753336,754336,,N,N,80.610,buy,,,3.26,N,438679917.0,438679917.0,Y,8.03,7377.82,0.00%,00,buy,buy,buy,11:29:50,105.10,22.53%,4.104,-2.20%,-2.93%,128.780,128.780,0.01%,6331.80,Y,0,0,,-,,N,-,buy,-,26-02-25,151.31,9.93,5.35,6.4%,6.4%,"转债占流动市值比：6.4%
转债占总市值比：6.4%",0.00,603336,sh113565,有效期：-；质押代码：113565,113565；2020-09-03 开始转股,全价：128.780 最后更新：11:29:50
123045,雷迪转债,sz300652,雷迪克,C,19.63,2021-07-01,2020-09-18,2026-03-11,2024-03-11,,,100.000,y,63.91,30,30,0,0.00,,,6.50,113.000,n,130.000,15,30,0,,X,2.880,1.660,A+,A+,无担保,,,,szcy,,,123045,123045,3.2784,380652,370652,,N,N,44.120,buy,,,2.07,N,94082005.0,83507961.0,Y,21.50,4055.77,-6.48%,00,buy,buy,buy,12:43:03,109.53,22.63%,4.142,-2.97%,-3.73%,134.321,134.321,-0.76%,1453.89,Y,0,0,,-,,N,-,buy,-,26-03-11,156.95,25.52,13.74,9.2%,8.2%,"转债占流动市值比：9.2%
转债占总市值比：8.2%",0.00,300652,sz123045,有效期：-；质押代码：123045,123045；2020-09-18 开始转股,全价：134.321 最后更新：12:43:03
123062,三超转债,sz300554,三超新材,C,17.13,2021-06-07,2021-02-01,2026-07-26,2024-07-26,,,100.000,y,67.40,30,30,0,0.00,,,5.49,113.000,n,130.000,15,30,0,,X,1.950,1.948,A,A,无担保,,,,szcy,,,123062,123062,2.0833,380554,370554,,N,N,77.000,buy,,,2.86,N,93613367.0,65242104.0,Y,17.79,2565.53,0.51%,00,buy,buy,buy,12:43:03,103.85,22.64%,4.518,-1.49%,-2.21%,127.361,127.361,-0.34%,1367.59,Y,0,0,,-,,N,-,buy,-,26-07-26,150.00,22.27,11.99,16.8%,11.7%,"转债占流动市值比：16.8%
转债占总市值比：11.7%",0.00,300554,sz123062,有效期：-；质押代码：123062,123062；2021-02-01 开始转股,全价：127.361 最后更新：12:43:03
113600,新星转债,sh603978,深圳新星,C,23.85,,2021-02-19,2026-08-12,2024-08-12,,,100.000,y,64.19,30,30,0,0.00,,,1.75,120.000,n,130.000,15,30,0,,N,5.950,4.533,AA-,AA-,股份质押担保,,,,shmb,2021年11月6日公告：本次（2021年10月8日至2021年11月5日）不行使提前赎回权利，至2022年2月6日均不提前赎回,,113600,113600,3.7180,753978,754978,,N,N,75.984,buy,,,2.58,N,165939476.0,165939476.0,Y,26.01,1844.01,-1.63%,00,buy,buy,buy,11:29:44,109.06,22.69%,4.564,-1.40%,-2.31%,133.810,133.810,-0.28%,1061.80,Y,0,0,G,-,,N,-,buy,-,26-08-12,156.50,31.00,16.70,10.5%,10.5%,"转债占流动市值比：10.5%
转债占总市值比：10.5%",0.00,603978,sh113600,有效期：-；质押代码：113600,113600；2021-02-19 开始转股,全价：133.810 最后更新：11:29:44
113616,韦尔转债,sh603501,韦尔股份,C,222.52,2021-06-30,2021-07-05,2026-12-27,2024-12-27,,,100.000,y,53.05,30,30,0,0.00,,,0.80,110.000,n,130.000,15,30,0,,N,24.400,24.339,AA+,AA+,无,,,,shmb,2021年7月24日公告：本次（2021年7月5日至2021年7月23日）不行使韦尔转债的提前赎回权利，至2022年1月22日均不提前赎回,,113616,113616,2.8120,753501,754501,,N,N,74.370,buy,R,,17.46,N,875724555.0,790025373.0,Y,293.62,93323.82,-0.90%,00,buy,buy,buy,11:29:50,131.95,23.00%,4.940,-6.94%,-7.41%,162.300,162.300,-0.73%,3169.62,Y,0,0,G,-,,N,-,buy,-,26-12-27,185.30,289.28,155.76,1.0%,0.9%,"转债占流动市值比：1.0%
转债占总市值比：0.9%",0.00,603501,sh113616,有效期：-；质押代码：113616,113616；2021-07-05 开始转股,全价：162.300 最后更新：11:29:50
123014,凯发转债,sz300407,凯发电气,C,8.05,2021-06-03,2019-02-11,2023-07-27,2021-07-27,,,100.000,y,62.82,30,30,0,0.00,,,2.22,106.000,n,130.000,15,30,0,,X,3.499,1.161,A+,A+,无担保,,,,szcy,,,123014,123014,1.2659,380407,370407,,N,N,45.880,buy,,,1.94,N,305096381.0,210891547.0,Y,8.97,1127.39,-0.22%,00,buy,buy,buy,12:43:03,111.43,23.03%,1.518,-14.92%,-15.69%,137.097,137.097,0.03%,353.01,Y,0,0,,-,,N,-,buy,-,23-07-27,160.13,10.46,5.63,6.1%,4.2%,"转债占流动市值比：6.1%
转债占总市值比：4.2%",0.00,300407,sz123014,有效期：-；质押代码：123014,123014；2019-02-11 开始转股,全价：137.097 最后更新：12:43:03
123082,北陆转债,sz300016,北陆药业,C,8.81,2021-06-29,2021-06-11,2026-12-06,2024-12-06,,,100.000,y,69.84,30,30,0,0.00,,,1.24,115.000,n,130.000,15,30,0,,X,5.000,4.993,A+,A+,无担保,,,,szcy,,,123082,123082,1.0111,380016,370016,,N,N,71.430,buy,,,2.35,N,492717587.0,406759212.0,Y,8.83,5571.47,-2.11%,00,buy,buy,buy,12:43:03,100.23,23.12%,4.882,-0.38%,-1.11%,123.407,123.407,-0.82%,772.66,Y,1,1,,-,,N,-,buy,-,26-12-06,146.53,11.45,6.17,13.9%,11.5%,"转债占流动市值比：13.9%
转债占总市值比：11.5%",0.00,300016,sz123082,有效期：-；质押代码：123082,123082；2021-06-11 开始转股,全价：123.407 最后更新：12:43:03
123129,锦鸡转债,sz300798,锦鸡股份,C,9.53,,2022-05-10,2027-11-03,2025-11-03,,,100.000,y,58.89,30,30,0,0.00,,,0.43,112.000,n,120.000,20,30,0,,X,6.000,6.000,AA-,AA-,无,,,,szcy,,,未到转股期,123129,1.4362,380798,370798,,N,N,32.210,-,,,3.25,N,417748945.0,210221808.0,Y,9.71,1142.40,0.31%,00,buy,buy,buy,12:43:03,101.89,23.17%,5.792,-1.11%,-1.63%,125.500,125.500,0.48%,326.68,Y,0,0,,-,,N,-,buy,-,27-11-03,148.67,11.44,5.72,29.4%,14.8%,"转债占流动市值比：29.4%
转债占总市值比：14.8%",0.00,300798,sz123129,有效期：-；质押代码：123129,未到转股期；2022-05-10 开始转股,全价：125.500 最后更新：12:43:03
113588,润达转债,sh603108,润达医疗,C,13.25,2021-07-16,2020-12-23,2026-06-16,2024-06-17,,,100.000,y,67.60,30,30,0,0.00,,,5.16,109.000,n,130.000,15,30,0,,X,5.500,5.499,AA,AA,无担保,,,,shmb,,,113588,113588,0.9490,753108,754108,,N,N,58.090,buy,R,,2.33,N,579538395.0,579538395.0,Y,13.72,16844.35,-2.00%,00,buy,buy,buy,11:29:56,103.55,23.22%,4.408,-2.59%,-3.14%,127.590,127.590,0.18%,3648.51,Y,0,0,,-,,N,-,buy,-,26-06-16,150.81,17.23,9.28,6.9%,6.9%,"转债占流动市值比：6.9%
转债占总市值比：6.9%",0.00,603108,sh113588,有效期：-；质押代码：113588,113588；2020-12-23 开始转股,全价：127.590 最后更新：11:29:56
123114,三角转债,sz300775,三角防务,C,31.82,,2021-11-30,2027-05-24,2025-05-26,,,100.000,y,49.77,30,30,0,0.00,,,2.05,115.000,n,130.000,15,30,0,,N,9.044,9.037,AA-,AA-,无,,,,szcy,2021年12月27日公告：本次（2021年11月30日至2021年12月27日）不提前赎回，至2022年6月27日均不提前赎回,,123114,123114,1.8251,380775,370775,,N,N,70.489,buy,,,9.56,N,495521729.0,264021729.0,Y,44.75,13227.15,-0.91%,00,buy,buy,buy,12:43:03,140.63,23.37%,5.345,-6.64%,-7.24%,173.489,173.489,-1.51%,3256.18,Y,0,0,G,-,,N,-,buy,-,27-05-24,196.86,41.37,22.27,7.6%,4.1%,"转债占流动市值比：7.6%
转债占总市值比：4.1%",0.00,300775,sz123114,有效期：-；质押代码：123114,123114；2021-11-30 开始转股,全价：173.489 最后更新：12:43:03
113050,南银转债,sh601009,南京银行,C,10.10,,2021-12-21,2027-06-14,,,,,y,,0,0,0,0.78,2022-01-19,2022-01-19,0.63,107.000,n,130.000,15,30,0,,X,200.000,200.000,AAA,AAA,无,,,,shmb,,,113050,113050,1.9980,764009,783009,,N,N,67.900,buy,R,,0.85,Y,10007089247.0,8482280198.0,Y,9.96,22868.19,1.22%,00,buy,buy,buy,11:29:54,98.61,23.49%,5.403,-1.69%,-2.06%,121.770,121.770,0.28%,15347.22,Y,0,0,,-,,N,-,buy,-,27-06-14,145.26,13.13,-,23.7%,20.1%,"转债占流动市值比：23.7%
转债占总市值比：20.1%",0.00,601009,sh113050,有效期：2022-01-19 到 2022-01-19；质押代码：113050,113050；2021-12-21 开始转股,全价：121.770 最后更新：11:29:54
128073,哈尔转债,sz002615,哈尔斯,C,5.70,2021-12-31,2020-02-28,2024-08-22,2022-08-22,,,100.000,y,69.03,30,30,0,0.00,,,3.05,112.000,n,130.000,15,30,0,,X,3.000,2.987,AA-,AA-,股份质押的担保方式,,,,szmb,,,128073,128073,0.7309,082615,072615,,N,N,27.880,buy,,,2.64,N,414119070.0,231116395.0,Y,5.78,3650.54,1.58%,00,buy,buy,buy,12:43:03,101.40,23.48%,2.592,-3.43%,-4.38%,125.213,125.213,0.01%,1145.15,Y,0,0,,-,,N,-,buy,-,24-08-22,148.69,7.41,3.99,22.4%,12.5%,"转债占流动市值比：22.4%
转债占总市值比：12.5%",0.00,002615,sz128073,有效期：-；质押代码：128073,128073；2020-02-28 开始转股,全价：125.213 最后更新：12:43:03
128037,岩土转债,sz002542,中化岩土,C,3.10,2021-07-07,2018-09-21,2024-03-15,2022-03-15,,,100.000,y,71.15,30,30,0,0.00,,,4.50,108.000,n,130.000,15,30,0,,X,6.037,6.028,AA,AA,无担保,,,,szmb,,,128037,128037,0.3333,082542,072542,,N,N,13.370,buy,,,1.33,N,1805339752.0,1498193375.0,Y,3.05,8030.66,1.67%,00,buy,buy,buy,12:43:03,98.39,23.57%,2.153,-4.10%,-5.01%,121.579,121.579,1.88%,3279.22,Y,1,1,,-,,N,-,buy,-,24-03-15,145.15,4.03,2.17,13.2%,10.9%,"转债占流动市值比：13.2%
转债占总市值比：10.9%",0.00,002542,sz128037,有效期：-；质押代码：128037,128037；2018-09-21 开始转股,全价：121.579 最后更新：12:43:03
