bond_id,bond_nm,stock_id,stock_nm,btype,convert_price,convert_price_valid_from,convert_dt,maturity_dt,next_put_dt,put_dt,put_notes,put_price,put_inc_cpn_fl,put_convert_price_ratio,put_count_days,put_total_days,put_real_days,repo_discount_rt,repo_valid_from,repo_valid_to,turnover_rt,redeem_price,redeem_inc_cpn_fl,redeem_price_ratio,redeem_count_days,redeem_total_days,redeem_real_days,redeem_dt,redeem_flag,orig_iss_amt,curr_iss_amt,rating_cd,issuer_rating_cd,guarantor,ssc_dt,esc_dt,sc_notes,market_cd,force_redeem,real_force_redeem_price,convert_cd,repo_cd,ration,ration_cd,apply_cd,online_offline_ratio,qflag,qflag2,ration_rt,fund_rt,margin_flg,lt_bps,pb,pb_flag,total_shares,float_shares,sqflg,sprice,svolume,sincrease_rt,qstatus,bond_value,bond_value2,volatility_rate,last_time,convert_value,premium_rt,year_left,ytm_rt,ytm_rt_tax,price,full_price,increase_rt,volume,convert_price_valid,adj_scnt,adj_cnt,redeem_icon,ref_yield_info,adjust_tip,adjusted,option_tip,bond_value3,left_put_year,short_maturity_dt,dblow,force_redeem_price,put_convert_price,convert_amt_ratio,convert_amt_ratio2,convert_amt_ratio_tips,stock_net_value,stock_cd,pre_bond_id,repo_valid,convert_cd_tip,price_tips
127052,杭锅转债,sz002534,杭锅股份,C,28.08,,2022-06-30,2027-12-23,2025-12-23,,,100.000,y,60.29,30,30,0,0.00,,,,110.000,n,130.000,15,30,0,,X,11.100,11.100,AA,AA,无,,,,szmb,,,未到转股期,127052,1.5445,082534,072534,,N,N,72.180,-,,,6.98,N,739201050.0,725645705.0,Y,32.60,17416.59,1.53%,00,buy,buy,buy,,116.10,-13.87%,5.948,2.44%,1.96%,100.000,100.000,0.00%,0.00,Y,0,0,,-,,N,-,buy,-,27-12-23,86.13,36.50,19.66,4.7%,4.6%,"转债占流动市值比：4.7%
转债占总市值比：4.6%",0.00,002534,sz127052,有效期：-；质押代码：127052,未到转股期；2022-06-30 开始转股,待上市
123135,泰林转债,sz300813,泰林生物,C,87.38,,2022-07-04,2027-12-27,2025-12-29,,,100.000,y,63.17,30,30,0,0.00,,,,115.000,n,130.000,15,30,0,,X,2.100,2.100,A+,A+,无,,,,szcy,,,未到转股期,123135,4.0407,380813,370813,,N,N,78.220,-,,,10.37,N,51970000.0,16277000.0,Y,96.82,9463.73,2.24%,00,buy,buy,buy,,110.80,-9.75%,5.959,3.40%,2.75%,100.000,100.000,0.00%,0.00,Y,0,0,,-,,N,-,buy,-,27-12-27,90.25,113.59,61.17,13.3%,4.2%,"转债占流动市值比：13.3%
转债占总市值比：4.2%",0.00,300813,sz123135,有效期：-；质押代码：123135,未到转股期；2022-07-04 开始转股,待上市
113637,华翔转债,sh603112,华翔股份,C,12.99,,2022-06-28,2027-12-22,2025-12-22,,,100.000,y,65.51,30,30,0,0.00,,,,115.000,n,130.000,15,30,0,,X,8.000,8.000,AA-,AA-,无,,,,shmb,,,未到转股期,113637,1.8300,753112,754112,,N,N,77.900,-,,,3.05,N,436090490.0,153864926.0,Y,13.88,5833.32,1.24%,00,buy,buy,buy,,106.85,-6.41%,5.945,3.32%,2.69%,100.000,100.000,0.00%,0.00,Y,0,0,,-,,N,-,buy,-,27-12-22,93.59,16.89,9.09,37.5%,13.2%,"转债占流动市值比：37.5%
转债占总市值比：13.2%",0.00,603112,sh113637,有效期：-；质押代码：113637,未到转股期；2022-06-28 开始转股,待上市
123133,佩蒂转债,sz300673,佩蒂股份,C,19.92,,2022-06-28,2027-12-21,2025-12-22,,,100.000,y,69.51,30,30,0,0.00,,,,115.000,n,130.000,15,30,0,,X,7.200,7.200,AA-,AA-,无,,,,szcy,,,未到转股期,123133,2.8412,380673,370673,,N,N,81.350,-,,,3.05,N,253411200.0,162384480.0,Y,20.06,8525.11,2.66%,00,buy,buy,buy,,100.70,-0.70%,5.942,3.25%,2.63%,100.000,100.000,0.00%,0.00,Y,0,0,,-,,N,-,buy,-,27-12-21,99.30,25.90,13.94,22.1%,14.2%,"转债占流动市值比：22.1%
转债占总市值比：14.2%",0.00,300673,sz123133,有效期：-；质押代码：123133,未到转股期；2022-06-28 开始转股,待上市
113026,核能转债,sh601985,中国核电,C,5.73,2021-07-16,2019-10-21,2025-04-14,2023-04-17,,,100.000,y,53.98,30,30,0,0.84,2022-01-13,2022-01-13,5.24,105.000,n,130.000,15,30,14,,X,78.000,75.059,AAA,AAA,无担保,,,,shmb,,,113026,113026,0.5010,764985,783985,,N,N,79.230,buy,R,,1.74,N,17522710852.0,17074949659.0,Y,7.43,67167.16,0.00%,00,buy,buy,buy,14:59:57,129.67,0.25%,3.255,-5.29%,-5.78%,129.990,129.990,0.52%,50905.15,Y,0,0,,-,,N,-,buy,-,25-04-14,130.24,7.45,4.01,5.9%,5.8%,"转债占流动市值比：5.9%
转债占总市值比：5.8%",0.00,601985,sh113026,有效期：2022-01-13 到 2022-01-13；质押代码：113026,113026；2019-10-21 开始转股,全价：129.990 最后更新：14:59:57
128050,钧达转债,sz002865,钧达股份,C,14.81,2021-11-26,2019-06-14,2024-12-10,2022-12-10,,,100.000,y,16.89,30,30,0,0.00,,,521.62,118.000,n,130.000,15,30,30,2022-01-27,Y,3.200,0.515,AA-,AA-,中汽塑料,,,,szmb,"最后交易日：2022年1月27日
最后转股日：2022年1月27日
赎回价：100.21元/张",100.210,128050,128050,2.6298,082865,072865,,N,N,17.350,buy,,,8.06,N,137291465.0,133915115.0,Y,61.37,23067.41,3.82%,00,buy,buy,buy,15:14:03,414.38,0.39%,2.912,-34.76%,-35.52%,415.988,415.988,5.05%,110378.17,Y,1,1,R,-,,N,-,buy,-,24-12-10,416.38,19.25,10.37,0.6%,0.6%,"转债占流动市值比：0.6%
转债占总市值比：0.6%",0.00,002865,sz128050,有效期：-；质押代码：128050,128050；2019-06-14 开始转股,全价：415.988 最后更新：15:14:03
128013,洪涛转债,sz002325,洪涛股份,C,2.31,2021-12-13,2017-02-06,2022-07-29,2020-07-29,,,100.000,y,56.34,30,30,0,0.00,,,5.36,108.000,n,130.000,15,30,0,,X,12.000,10.608,A-,A-,无担保,,,,szmb,,,128013,128013,0.9980,082325,072325,10,N,N,,buy,R,,1.30,N,1325359461.0,1003074122.0,Y,2.87,4383.49,1.06%,00,buy,buy,buy,15:14:03,124.24,0.94%,0.542,-25.62%,-27.97%,125.413,125.413,0.91%,7126.74,Y,3,3,,-,,N,-,buy,-,22-07-29,126.35,3.00,1.62,36.8%,27.9%,"转债占流动市值比：36.8%
转债占总市值比：27.9%",0.00,002325,sz128013,有效期：-；质押代码：128013,128013；2017-02-06 开始转股,全价：125.413 最后更新：15:14:03
123073,同和转债,sz300636,同和药业,C,14.82,2021-05-18,2021-05-06,2026-10-25,2024-10-26,,,100.000,y,44.77,30,30,0,0.00,,,25.35,116.000,n,130.000,20,30,20,,X,3.600,3.581,A+,A+,无担保,,,,szcy,,,123073,123073,2.7989,380636,370636,,N,N,70.695,buy,,,5.46,N,205906321.0,169027590.0,Y,23.17,7916.25,-1.45%,00,buy,buy,buy,15:14:03,156.34,1.06%,4.786,-5.38%,-6.09%,158.000,158.000,-1.06%,14478.31,Y,1,1,B,-,,N,-,buy,-,26-10-25,159.06,19.27,10.37,9.1%,7.5%,"转债占流动市值比：9.1%
转债占总市值比：7.5%",0.00,300636,sz123073,有效期：-；质押代码：123073,123073；2021-05-06 开始转股,全价：158.000 最后更新：15:14:03
128085,鸿达转债,sz002002,鸿达兴业,C,3.91,2021-06-22,2020-06-22,2025-12-16,2023-12-18,,,100.000,y,46.16,30,30,0,0.00,,,29.20,118.000,n,130.000,15,30,0,,N,24.270,3.392,B,B,无担保,,,,szmb,2021年12月11日公告：本次不提前赎回鸿达转债，至2022年12月8日前均不提前赎回,,128085,128085,0.9374,082002,072002,,N,N,26.280,buy,R,,1.77,N,3120485457.0,3116603421.0,Y,5.93,61680.58,0.17%,00,buy,buy,buy,15:14:03,151.66,1.51%,3.929,-5.50%,-6.43%,153.950,153.950,1.02%,15100.95,Y,0,0,G,-,,N,-,buy,-,25-12-16,155.46,5.08,2.74,1.8%,1.8%,"转债占流动市值比：1.8%
转债占总市值比：1.8%",0.00,002002,sz128085,有效期：-；质押代码：128085,128085；2020-06-22 开始转股,全价：153.950 最后更新：15:14:03
128094,星帅转债,sz002860,星帅尔,C,13.80,2021-06-08,2020-07-22,2026-01-16,2024-01-16,,,100.000,y,39.88,30,30,0,0.00,,,25.45,115.000,n,130.000,15,30,7,,X,2.800,2.089,A+,A+,股份质押和保证,,,,szmb,,,128094,128094,2.3897,082860,072860,,N,N,75.030,buy,,,4.11,N,204206647.0,147145649.0,Y,24.22,6139.13,1.76%,00,buy,buy,buy,15:14:03,175.51,1.55%,4.014,-9.40%,-10.17%,178.230,178.230,1.39%,9467.02,Y,0,0,,-,,N,-,buy,-,26-01-16,179.78,17.94,9.66,5.9%,4.2%,"转债占流动市值比：5.9%
转债占总市值比：4.2%",0.00,002860,sz128094,有效期：-；质押代码：128094,128094；2020-07-22 开始转股,全价：178.230 最后更新：15:14:03
113591,胜达转债,sh603687,大胜达,C,8.76,2021-06-11,2021-01-08,2026-06-30,2024-07-01,,,100.000,y,49.21,30,30,0,0.00,,,33.75,116.000,n,130.000,15,30,7,,X,5.500,5.185,AA-,AA-,股票质押担保,,,,shmb,,,113591,113591,1.3300,753687,754687,,N,N,69.650,buy,,,2.83,N,414413879.0,145371179.0,Y,12.46,6286.08,1.80%,00,buy,buy,buy,14:59:59,142.24,1.60%,4.466,-3.85%,-4.63%,144.510,144.510,0.94%,25237.68,Y,2,2,,-,,N,-,buy,-,26-06-30,146.11,11.39,6.13,28.6%,10.0%,"转债占流动市值比：28.6%
转债占总市值比：10.0%",0.00,603687,sh113591,有效期：-；质押代码：113591,113591；2021-01-08 开始转股,全价：144.510 最后更新：14:59:59
128106,华统转债,sz002840,华统股份,C,9.37,2021-06-30,2020-10-16,2026-04-09,2024-04-09,,,100.000,y,34.81,30,30,0,0.00,,,192.59,108.000,n,130.000,15,30,0,,N,5.500,4.353,AA,AA,连带责任保证,,,,szmb,2021年12月25日公告：本次（2021年12月6日至2021年12月24日）不提前赎回，至2022年6月26日均不提前赎回,,128106,128106,1.9826,082840,072840,,N,N,67.140,buy,,,4.94,N,456240764.0,444778364.0,Y,18.84,32194.49,7.84%,00,buy,buy,buy,15:14:03,201.07,1.80%,4.241,-13.31%,-13.75%,204.685,204.685,9.71%,166155.78,Y,0,0,G,-,,N,-,buy,-,26-04-09,206.49,12.18,6.56,5.2%,5.1%,"转债占流动市值比：5.2%
转债占总市值比：5.1%",0.00,002840,sz128106,有效期：-；质押代码：128106,128106；2020-10-16 开始转股,全价：204.685 最后更新：15:14:03
128091,新天转债,sz002873,新天药业,C,11.62,2021-11-10,2020-07-06,2025-12-30,2024-01-01,,,100.000,y,31.71,30,30,0,0.00,,,1343.65,113.000,n,130.000,15,30,15,,X,1.770,1.548,A+,A+,房产抵押和股份质押,,,,szmb,,,128091,128091,1.5410,082873,072873,,N,N,46.250,buy,,,4.71,N,164048027.0,155115979.0,Y,25.65,73123.46,-3.93%,00,buy,buy,buy,15:14:03,220.74,2.07%,3.967,-15.20%,-15.84%,225.310,225.310,1.17%,480514.91,Y,0,0,B,-,,N,-,buy,-,25-12-30,227.38,15.11,8.13,3.9%,3.7%,"转债占流动市值比：3.9%
转债占总市值比：3.7%",0.00,002873,sz128091,有效期：-；质押代码：128091,128091；2020-07-06 开始转股,全价：225.310 最后更新：15:14:03
128046,利尔转债,sz002258,利尔化学,C,18.42,2021-04-13,2019-04-23,2024-10-17,2022-10-17,,,100.000,y,37.76,30,30,0,0.00,,,23.75,108.000,n,130.000,20,30,7,,X,8.520,8.076,AA,AA,无担保,,,,szmb,,,128046,128046,1.6247,082258,072258,,N,N,43.380,buy,R,,3.98,N,526773275.0,524181885.0,Y,34.15,62127.07,5.27%,00,buy,buy,buy,15:14:03,185.40,2.48%,2.764,-17.81%,-18.38%,190.000,190.000,3.85%,36514.41,Y,0,0,,-,,N,-,buy,-,24-10-17,192.48,23.95,12.89,4.5%,4.5%,"转债占流动市值比：4.5%
转债占总市值比：4.5%",0.00,002258,sz128046,有效期：-；质押代码：128046,128046；2019-04-23 开始转股,全价：190.000 最后更新：15:14:03
128103,同德转债,sz002360,同德化工,C,5.08,2021-05-25,2020-10-09,2026-03-25,2024-03-25,,,100.000,y,38.15,30,30,0,0.00,,,56.69,115.000,n,130.000,15,30,7,,X,1.440,0.884,A+,A+,土地、固定资产等抵押方式,,,,szmb,,,128103,128103,0.3859,082360,072360,,N,N,31.100,buy,,,2.77,N,402376378.0,312278270.0,Y,9.32,6500.03,1.64%,00,buy,buy,buy,15:14:03,183.46,3.02%,4.200,-10.23%,-10.97%,189.003,189.003,0.51%,9469.67,Y,0,0,,-,,N,-,buy,-,26-03-25,192.02,6.60,3.56,3.0%,2.4%,"转债占流动市值比：3.0%
转债占总市值比：2.4%",0.00,002360,sz128103,有效期：-；质押代码：128103,128103；2020-10-09 开始转股,全价：189.003 最后更新：15:14:03
113053,隆22转债,sh601012,隆基股份,C,82.65,,2022-07-11,2028-01-04,2026-01-05,,,100.000,y,72.14,30,30,0,0.00,,,,107.000,n,130.000,15,30,0,,X,70.000,70.000,AAA,AAA,无,,,,shmb,,,未到转股期,113053,1.2930,764012,783012,,N,N,62.100,-,R,,9.43,N,5412952708.0,5412832854.0,Y,80.20,396099.88,2.85%,00,buy,buy,buy,,97.04,3.05%,5.981,1.82%,1.46%,100.000,100.000,0.00%,0.00,Y,0,0,,-,,N,-,buy,-,28-01-04,103.05,107.44,57.85,1.6%,1.6%,"转债占流动市值比：1.6%
转债占总市值比：1.6%",0.00,601012,sh113053,有效期：-；质押代码：113053,未到转股期；2022-07-11 开始转股,待上市
123083,朗新转债,sz300682,朗新科技,C,15.39,2021-12-23,2021-06-15,2026-12-08,2024-12-09,,,100.000,y,31.16,30,30,0,0.00,,,7.54,110.000,n,130.000,15,30,12,,X,8.000,6.010,AA,AA,无担保,,,,szcy,,,123083,123083,0.7833,380682,370682,,N,N,77.260,buy,,,6.52,N,1045521166.0,737572050.0,Y,34.57,13827.14,0.26%,00,buy,buy,buy,15:14:03,224.63,3.11%,4.907,-13.51%,-13.94%,231.602,231.602,-0.17%,10488.96,Y,0,0,,-,,N,-,buy,-,26-12-08,234.71,20.01,10.77,2.4%,1.7%,"转债占流动市值比：2.4%
转债占总市值比：1.7%",0.00,300682,sz123083,有效期：-；质押代码：123083,123083；2021-06-15 开始转股,全价：231.602 最后更新：15:14:03
123092,天壕转债,sz300332,天壕环境,C,5.19,2021-07-12,2021-06-30,2026-12-23,2024-12-23,,,100.000,y,35.76,30,30,0,0.00,,,19.83,115.000,n,130.000,15,30,7,,X,4.230,4.167,A+,A+,无,,,,szcy,,,123092,123092,0.4805,380332,370332,,N,N,55.430,buy,,,2.58,N,881408921.0,841982571.0,Y,10.16,15246.92,4.31%,00,buy,buy,buy,15:14:03,195.76,3.58%,4.948,-10.07%,-10.69%,202.770,202.770,4.10%,16582.14,Y,0,0,,-,,N,-,buy,-,26-12-23,206.35,6.75,3.63,4.9%,4.7%,"转债占流动市值比：4.9%
转债占总市值比：4.7%",0.00,300332,sz123092,有效期：-；质押代码：123092,123092；2021-06-30 开始转股,全价：202.770 最后更新：15:14:03
118004,博瑞转债,sh688166,博瑞医药,C,35.68,,2022-07-11,2028-01-03,2026-01-05,,,100.000,y,72.58,30,30,0,0.00,,,,115.000,n,130.000,15,30,0,,X,4.650,4.650,AA-,AA-,无,,,,shkc,,,未到转股期,118004,1.1340,726166,718166,,N,N,55.740,-,R,,8.91,N,410000000.0,210912771.0,Y,34.41,3447.52,0.32%,00,buy,buy,buy,,96.44,3.69%,5.978,3.30%,2.67%,100.000,100.000,0.00%,0.00,Y,0,0,,-,,N,-,buy,-,28-01-03,103.69,46.38,24.98,6.4%,3.3%,"转债占流动市值比：6.4%
转债占总市值比：3.3%",0.00,688166,sh118004,有效期：-；质押代码：118004,未到转股期；2022-07-11 开始转股,待上市
123111,东财转3,sz300059,东方财富,C,23.35,2021-05-27,2021-10-13,2027-04-06,2025-04-07,,,100.000,y,48.56,30,30,0,0.00,,,4.54,107.000,n,130.000,15,30,7,,X,158.000,150.856,AA+,AA+,无,,,,szcy,,,123111,123111,1.8344,380059,370059,,N,N,71.340,buy,R,,8.51,N,10366327855.0,8592810347.0,Y,33.66,406578.79,0.78%,00,buy,buy,buy,15:14:03,144.15,3.71%,5.233,-5.67%,-6.01%,149.500,149.500,1.29%,102027.00,Y,0,0,,-,,N,-,buy,-,27-04-06,153.21,30.36,16.34,5.2%,4.3%,"转债占流动市值比：5.2%
转债占总市值比：4.3%",0.00,300059,sz123111,有效期：-；质押代码：123111,123111；2021-10-13 开始转股,全价：149.500 最后更新：15:14:03
113541,荣晟转债,sh603165,荣晟环保,C,10.84,2021-05-17,2020-02-03,2025-07-22,2023-07-24,,,100.000,y,43.86,30,30,0,0.00,,,29.40,110.000,n,130.000,15,30,0,,N,3.300,1.628,AA-,AA-,股份质押和保证,,,,shmb,2021年11月22日公告：本次（2021年10月12日至2021年11月22日）不行使提前赎回权利，至2022年5月22日均不提前赎回,,113541,113541,1.8600,753165,754165,,N,N,24.502,buy,,,2.58,N,263201890.0,263201890.0,Y,17.30,4946.80,1.53%,00,buy,buy,buy,15:00:00,159.59,3.96%,3.526,-10.20%,-10.82%,165.920,165.920,2.09%,7914.18,Y,1,1,G,-,,N,-,buy,-,25-07-22,169.88,14.09,7.59,3.6%,3.6%,"转债占流动市值比：3.6%
转债占总市值比：3.6%",0.00,603165,sh113541,有效期：-；质押代码：113541,113541；2020-02-03 开始转股,全价：165.920 最后更新：15:00:00
110084,贵燃转债,sh600903,贵州燃气,C,10.17,,2022-07-01,2027-12-27,2025-12-29,,,100.000,y,72.79,30,30,0,0.00,,,,110.000,n,130.000,15,30,0,,X,10.000,10.000,AA,AA,无,,,,shmb,,,未到转股期,110084,0.8780,704903,733903,,N,N,49.410,-,R,,3.94,N,1138185027.0,1138185027.0,Y,9.78,3186.10,0.10%,00,buy,buy,buy,,96.17,3.99%,5.959,2.43%,1.96%,100.000,100.000,0.00%,0.00,Y,0,0,,-,,N,-,buy,-,27-12-27,103.99,13.22,7.12,9.0%,9.0%,"转债占流动市值比：9.0%
转债占总市值比：9.0%",0.00,600903,sh110084,有效期：-；质押代码：110084,未到转股期；2022-07-01 开始转股,待上市
132018,G三峡EB1,sh600900,长江电力,E,16.74,2021-07-16,2020-04-13,2024-04-09,2023-04-10,,,100.000,y,52.62,30,30,0,0.92,2022-01-13,2022-01-13,0.50,108.000,y,120.000,15,30,22,,X,200.000,160.503,AAA,AAA,长江电力A股股票及其孳息,,,,shmb,,,132018,132018,,,759001,,N,N,100.000,buy,R,,2.88,N,22741859230.0,22741859230.0,Y,22.27,77846.25,-1.02%,00,buy,buy,buy,14:59:56,133.03,4.03%,2.241,-9.98%,-10.67%,138.020,138.402,-0.27%,11134.62,Y,0,0,B,-,,N,-,buy,-,24-04-09,142.05,20.09,11.72,3.2%,3.2%,"转债占流动市值比：3.2%
转债占总市值比：3.2%",0.00,600900,sh132018,有效期：2022-01-13 到 2022-01-13；质押代码：132018,132018；2020-04-13 开始转股,全价：138.402 最后更新：14:59:56
123012,万顺转债,sz300057,万顺新材,C,5.27,2021-05-17,2019-01-26,2024-07-20,2022-07-20,,,100.000,y,42.06,30,30,0,0.00,,,35.16,106.000,n,130.000,15,30,7,,X,9.500,1.225,AA-,AA-,无担保,,,,szcy,,,123012,123012,2.1607,380057,370057,,N,N,2.190,buy,,,1.67,N,683644894.0,507430086.0,Y,8.77,9648.58,2.21%,00,buy,buy,buy,15:14:03,166.41,4.59%,2.521,-17.09%,-17.61%,174.050,174.050,1.61%,7435.58,Y,0,0,,-,,N,-,buy,-,24-07-20,178.64,6.85,3.69,2.8%,2.0%,"转债占流动市值比：2.8%
转债占总市值比：2.0%",0.00,300057,sz123012,有效期：-；质押代码：123012,123012；2019-01-26 开始转股,全价：174.050 最后更新：15:14:03
123086,海兰转债,sz300065,海兰信,C,7.27,2021-07-15,2021-06-17,2026-12-10,2024-12-10,,,100.000,y,35.39,30,30,0,0.00,,,44.39,118.000,n,130.000,15,30,7,,X,7.300,4.817,AA-,AA-,无担保,,,,szcy,,,123086,123086,1.8358,380065,370065,,N,N,59.780,buy,R,,5.17,N,629832887.0,539962284.0,Y,14.38,37989.17,2.49%,00,buy,buy,buy,15:14:03,197.80,4.59%,4.912,-10.18%,-10.86%,206.880,206.880,1.69%,44039.72,Y,1,1,,-,,N,-,buy,-,26-12-10,211.47,9.45,5.09,6.2%,5.3%,"转债占流动市值比：6.2%
转债占总市值比：5.3%",0.00,300065,sz123086,有效期：-；质押代码：123086,123086；2021-06-17 开始转股,全价：206.880 最后更新：15:14:03
113638,台21转债,sh603055,台华新材,C,16.87,,2022-07-05,2027-12-28,2025-12-29,,,100.000,y,73.30,30,30,0,0.00,,,,112.000,n,130.000,15,30,0,,X,6.000,6.000,AA,AA,,,,,shmb,,,未到转股期,113638,0.6910,753055,754055,,N,N,60.150,-,,,3.90,N,868874372.0,804671904.0,Y,16.11,5489.24,-0.92%,00,buy,buy,buy,,95.49,4.72%,5.962,2.73%,2.21%,100.000,100.000,0.00%,0.00,Y,0,0,,-,,N,-,buy,-,27-12-28,104.72,21.93,11.81,4.6%,4.3%,"转债占流动市值比：4.6%
转债占总市值比：4.3%",0.00,603055,sh113638,有效期：-；质押代码：113638,未到转股期；2022-07-05 开始转股,待上市
128128,齐翔转2,sz002408,齐翔腾达,C,5.69,2021-09-29,2021-02-26,2026-08-19,2024-08-19,,,100.000,y,36.88,30,30,0,0.00,,,5.54,110.000,n,130.000,15,30,7,,X,29.900,6.806,AA,AA,无担保,,,,szmb,,,128128,128128,1.7102,082408,072408,,N,N,76.460,buy,R,,2.46,N,2842637146.0,2771179688.0,Y,10.80,40451.45,-1.64%,00,buy,buy,buy,15:14:03,189.81,4.91%,4.603,-11.42%,-11.90%,199.119,199.119,-0.44%,7458.36,Y,0,0,,-,,N,-,buy,-,26-08-19,204.03,7.40,3.98,2.3%,2.2%,"转债占流动市值比：2.3%
转债占总市值比：2.2%",0.00,002408,sz128128,有效期：-；质押代码：128128,128128；2021-02-26 开始转股,全价：199.119 最后更新：15:14:03
113585,寿仙转债,sh603896,寿仙谷,C,28.38,2021-06-30,2020-12-15,2026-06-08,2024-06-10,,,100.000,y,34.44,30,30,0,0.00,,,49.87,112.000,n,130.000,15,30,0,,N,3.600,1.008,AA-,AA-,连带责任保证,,,,shmb,2021年9月1日公告：本次（2021年8月11日至2021年8月31日）不行使提前赎回权利，至2022年2月28日均不提前赎回,,113585,113585,2.5080,753896,754896,,N,N,82.309,buy,,,5.85,N,152498417.0,152498417.0,Y,57.69,12220.58,-1.13%,00,buy,buy,buy,14:59:53,203.28,5.01%,4.405,-12.93%,-13.49%,213.460,213.460,-0.29%,10699.37,Y,0,0,G,-,,N,-,buy,-,26-06-08,218.47,36.89,19.87,1.1%,1.1%,"转债占流动市值比：1.1%
转债占总市值比：1.1%",0.00,603896,sh113585,有效期：-；质押代码：113585,113585；2020-12-15 开始转股,全价：213.460 最后更新：14:59:53
123078,飞凯转债,sz300398,飞凯材料,C,15.56,2021-05-31,2021-06-03,2026-11-26,2024-11-26,,,100.000,y,38.60,30,30,0,0.00,,,123.88,110.000,n,120.000,15,30,7,,X,8.250,8.101,AA,AA,无担保,,,,szcy,,,123078,123078,1.5992,380398,370398,,N,N,35.740,buy,R,,4.71,N,516098134.0,509839254.0,Y,28.22,151244.68,-1.84%,00,buy,buy,buy,15:14:03,181.36,5.36%,4.874,-10.06%,-10.52%,191.082,191.082,1.53%,192154.17,Y,1,1,,-,,N,-,buy,-,26-11-26,196.44,18.67,10.89,5.6%,5.6%,"转债占流动市值比：5.6%
转债占总市值比：5.6%",0.00,300398,sz123078,有效期：-；质押代码：123078,123078；2021-06-03 开始转股,全价：191.082 最后更新：15:14:03
123085,万顺转2,sz300057,万顺新材,C,6.20,2021-05-17,2021-06-17,2026-12-10,2024-12-10,,,100.000,y,49.49,30,30,0,0.00,,,5.20,108.000,n,130.000,15,30,7,,X,9.000,8.512,AA-,AA-,无担保,,,,szcy,,,123085,123085,1.3341,380057,370057,,N,N,66.940,buy,,,1.67,N,683644894.0,507430086.0,Y,8.77,9648.58,2.21%,00,buy,buy,buy,15:14:03,141.45,5.55%,4.912,-5.62%,-6.06%,149.300,149.300,3.20%,6513.69,Y,0,0,,-,,N,-,buy,-,26-12-10,154.85,8.06,4.34,19.1%,14.2%,"转债占流动市值比：19.1%
转债占总市值比：14.2%",0.00,300057,sz123085,有效期：-；质押代码：123085,123085；2021-06-17 开始转股,全价：149.300 最后更新：15:14:03
113534,鼎胜转债,sh603876,鼎胜新材,C,15.18,2020-07-24,2019-10-16,2025-04-08,2023-04-10,,,100.000,y,29.51,30,30,0,0.00,,,17.05,110.000,n,130.000,15,30,0,,N,12.540,4.039,AA-,AA-,无担保,,,,shmb,2021年10月29日公告：本次（2021年10月8日至2021年10月28日）不提前赎回，至2022年1月28日均不提前赎回,,113534,113534,2.9160,753876,754876,,N,N,46.940,buy,,,3.69,N,485976369.0,485976499.0,Y,36.01,16040.58,4.38%,00,buy,buy,buy,14:59:58,237.22,5.68%,3.238,-21.86%,-22.41%,250.690,250.690,3.07%,17269.31,Y,1,1,G,-,,N,-,buy,-,25-04-08,256.37,19.73,10.63,2.3%,2.3%,"转债占流动市值比：2.3%
转债占总市值比：2.3%",0.00,603876,sh113534,有效期：-；质押代码：113534,113534；2019-10-16 开始转股,全价：250.690 最后更新：14:59:58
128082,华锋转债,sz002806,华锋股份,C,9.13,2021-03-23,2020-06-10,2025-12-03,2023-12-04,,,100.000,y,44.66,30,30,0,0.00,,,18.50,115.000,n,130.000,15,30,7,,X,3.520,2.036,A,A,土地、房产、机器设备等资产抵 押和股份质押担保,,,,szmb,,,128082,128082,1.9995,082806,072806,,N,N,5.530,buy,,,2.34,N,191703355.0,139230770.0,Y,14.31,4649.84,1.42%,00,buy,buy,buy,15:14:03,156.74,5.69%,3.893,-7.99%,-8.79%,165.658,165.658,0.28%,6267.76,Y,2,2,,-,,N,-,buy,-,25-12-03,171.35,11.87,6.39,10.2%,7.4%,"转债占流动市值比：10.2%
转债占总市值比：7.4%",0.00,002806,sz128082,有效期：-；质押代码：128082,128082；2020-06-10 开始转股,全价：165.658 最后更新：15:14:03
113537,文灿转债,sh603348,文灿股份,C,19.28,2021-06-18,2019-12-16,2025-06-09,2023-06-12,,,100.000,y,23.31,30,30,0,0.00,,,168.01,115.000,n,130.000,15,30,0,,N,8.000,1.406,AA-,AA-,无担保,,,,shmb,2021年10月27日公告：本次不行使文灿转债的提前赎回权利，至2022年4月27日前均不提前赎回,,113537,113537,3.6360,753348,754348,,N,N,18.080,buy,,,5.71,N,262171258.0,257431258.0,Y,57.90,11534.49,6.32%,00,buy,buy,buy,14:59:59,300.31,5.72%,3.408,-25.11%,-25.82%,317.490,317.490,8.93%,73065.93,Y,0,0,G,-,,N,-,buy,-,25-06-09,323.21,25.06,13.50,0.9%,0.9%,"转债占流动市值比：0.9%
转债占总市值比：0.9%",0.00,603348,sh113537,有效期：-；质押代码：113537,113537；2019-12-16 开始转股,全价：317.490 最后更新：14:59:59
128093,百川转债,sz002455,百川股份,C,5.77,2021-05-27,2020-07-09,2026-01-03,2024-01-03,,,100.000,y,29.55,30,30,0,0.00,,,36.41,120.000,n,130.000,20,30,7,,X,5.200,1.614,AA-,AA-,自有资产抵押担保,,,,szmb,,,128093,128093,1.0314,082455,072455,,N,N,19.690,buy,,,4.29,N,565949304.0,450664327.0,Y,13.67,13722.81,1.26%,00,buy,buy,buy,15:14:03,236.92,5.95%,3.978,-15.81%,-16.73%,251.000,251.000,1.14%,14719.92,Y,0,0,,-,,N,-,buy,-,26-01-03,256.95,7.50,4.04,2.6%,2.1%,"转债占流动市值比：2.6%
转债占总市值比：2.1%",0.00,002455,sz128093,有效期：-；质押代码：128093,128093；2020-07-09 开始转股,全价：251.000 最后更新：15:14:03
128081,海亮转债,sz002203,海亮股份,C,9.69,2021-06-23,2020-05-27,2025-11-21,2023-11-21,,,100.000,y,55.78,30,30,0,0.00,,,1.24,110.000,n,130.000,15,30,5,,X,31.500,30.055,AA,AA,无担保,,,,szmb,,,128081,128081,1.6136,082203,072203,,N,N,64.450,buy,R,,2.25,N,1966736307.0,1923941740.0,Y,12.16,12293.40,0.00%,00,buy,buy,buy,15:14:03,125.49,6.18%,3.860,-3.96%,-4.58%,133.240,133.240,0.35%,4980.94,Y,0,0,,-,,N,-,buy,-,25-11-21,139.42,12.60,6.78,12.8%,12.6%,"转债占流动市值比：12.8%
转债占总市值比：12.6%",0.00,002203,sz128081,有效期：-；质押代码：128081,128081；2020-05-27 开始转股,全价：133.240 最后更新：15:14:03
127040,国泰转债,sz002091,江苏国泰,C,9.02,,2022-01-13,2027-07-06,2025-07-07,,,100.000,y,47.26,30,30,0,0.00,,,2.93,108.000,n,130.000,15,30,0,,X,45.574,45.574,AA+,AA+,无,,,,szmb,,,未到转股期,127040,2.9100,082091,072091,,N,N,65.940,buy,R,,2.13,N,1563536598.0,1513016522.0,Y,13.36,30700.74,1.83%,00,buy,buy,buy,15:14:03,148.12,6.47%,5.482,-6.06%,-6.43%,157.700,157.700,2.19%,20936.77,Y,0,0,,-,,N,-,buy,-,27-07-06,164.17,11.73,6.31,22.5%,21.8%,"转债占流动市值比：22.5%
转债占总市值比：21.8%",0.00,002091,sz127040,有效期：-；质押代码：127040,未到转股期；2022-01-13 开始转股,全价：157.700 最后更新：15:14:03
123112,万讯转债,sz300112,万讯自控,C,8.93,2021-05-28,2021-10-14,2027-04-07,2025-04-07,,,100.000,y,43.65,30,30,0,0.00,,,171.19,118.000,n,130.000,15,30,0,,N,2.457,2.454,AA-,AA-,无,,,,szcy,2021年11月27日公告：本次（2021年11月1日至2021年11月26日）不行使提前赎回权利，至2022年2月26日均不提前赎回,,123112,123112,0.8599,380112,370112,,N,N,30.520,-,,,3.56,N,285779089.0,219186741.0,Y,14.32,29854.52,5.68%,00,buy,buy,buy,15:14:03,160.36,6.51%,5.236,-5.99%,-6.70%,170.790,170.790,4.79%,70452.38,Y,0,0,G,-,,N,-,buy,-,27-04-07,177.30,11.61,6.25,7.8%,6.0%,"转债占流动市值比：7.8%
转债占总市值比：6.0%",0.00,300112,sz123112,有效期：-；质押代码：123112,123112；2021-10-14 开始转股,全价：170.790 最后更新：15:14:03
127007,湖广转债,sz000665,湖北广电,C,5.58,2020-07-17,2019-01-04,2024-06-28,2022-06-28,,,100.000,y,38.14,30,30,0,0.00,,,890.55,108.000,n,130.000,15,30,6,,X,17.336,6.100,AA+,AA+,无担保,,,,szmb,,,127007,127007,2.7248,080665,070665,,N,N,16.550,buy,R,,1.75,N,1014363870.0,1014306085.0,Y,10.24,261935.64,9.99%,00,buy,buy,buy,15:14:03,183.51,6.80%,2.460,-20.82%,-21.43%,196.000,196.000,23.52%,963433.21,Y,1,1,,-,,N,-,buy,-,24-06-28,202.80,7.25,3.91,5.9%,5.9%,"转债占流动市值比：5.9%
转债占总市值比：5.9%",0.00,000665,sz127007,有效期：-；质押代码：127007,127007；2019-01-04 开始转股,全价：196.000 最后更新：15:14:03
113626,伯特转债,sh603596,伯特利,C,36.01,2021-10-28,2022-01-05,2027-06-28,2025-06-27,,,100.000,y,34.41,30,30,0,0.00,,,19.18,116.000,n,130.000,15,30,6,,X,9.020,9.019,AA,AA,无,,,,shmb,,,113626,113626,2.2130,753596,754596,,N,N,70.636,buy,,,9.01,N,408446000.0,406626000.0,Y,73.26,35946.51,10.00%,00,buy,buy,buy,14:59:58,203.44,6.85%,5.460,-10.30%,-10.87%,217.380,217.380,5.49%,37089.24,Y,0,0,,-,,N,-,buy,-,27-06-28,224.23,46.81,25.21,3.0%,3.0%,"转债占流动市值比：3.0%
转债占总市值比：3.0%",0.00,603596,sh113626,有效期：-；质押代码：113626,113626；2022-01-05 开始转股,全价：217.380 最后更新：14:59:58
123052,飞鹿转债,sz300665,飞鹿股份,C,7.05,2021-06-03,2020-12-11,2026-06-04,2024-06-04,,,100.000,y,48.91,30,30,0,0.00,,,30.15,120.000,n,130.000,15,30,0,,N,1.770,1.504,A+,A+,无担保,,,,szcy,2021年8月24日公告：本次（2021年8月4日至2021年8月24日）不提前赎回，至2022年2月24日均不提前赎回,,123052,123052,1.4612,380665,370665,,N,N,75.366,buy,,,3.20,N,173398120.0,132959648.0,Y,10.09,5826.88,3.49%,00,buy,buy,buy,15:14:03,143.12,6.90%,4.395,-4.29%,-5.22%,153.000,153.000,2.00%,6918.18,Y,0,0,G,-,,N,-,buy,-,26-06-04,159.90,9.16,4.93,11.2%,8.6%,"转债占流动市值比：11.2%
转债占总市值比：8.6%",0.00,300665,sz123052,有效期：-；质押代码：123052,123052；2020-12-11 开始转股,全价：153.000 最后更新：15:14:03
123103,震安转债,sz300767,震安科技,C,56.89,2021-06-11,2021-09-22,2027-03-11,2025-03-11,,,100.000,y,40.80,30,30,0,0.00,,,6.94,115.000,n,130.000,15,30,0,,N,2.850,2.525,A+,A+,无,,,,szcy,2021年10月21日公告：本次（2021年9月22日至2021年10月19日）不行使提前赎回权利，至2022年4月20日均不提前赎回,,123103,123103,1.9791,380767,370767,,N,N,53.950,buy,,,15.63,N,202170726.0,118282633.0,Y,97.60,6397.56,0.83%,00,buy,buy,buy,15:14:03,171.56,6.96%,5.162,-7.85%,-8.47%,183.500,183.500,0.47%,3228.72,Y,0,0,G,-,,N,-,buy,-,27-03-11,190.46,73.96,39.82,2.2%,1.3%,"转债占流动市值比：2.2%
转债占总市值比：1.3%",0.00,300767,sz123103,有效期：-；质押代码：123103,123103；2021-09-22 开始转股,全价：183.500 最后更新：15:14:03
123089,九洲转2,sz300040,九洲集团,C,5.68,2021-07-14,2021-06-25,2026-12-20,2024-12-20,,,100.000,y,44.13,30,30,0,0.00,,,15.56,115.000,n,130.000,15,30,0,,N,5.000,3.063,AA-,AA-,无担保,,,,szcy,2021年10月26日公告：本次（截至2021年10月26日）不行使九洲转2的提前赎回权利，至2022年1月29日均不提前赎回,,123089,123089,1.3144,380040,370040,,N,N,61.460,buy,,,2.00,N,587645532.0,455302906.0,Y,9.01,9457.63,2.27%,00,buy,buy,buy,15:14:03,158.63,7.10%,4.940,-6.81%,-7.46%,169.888,169.888,1.44%,8065.77,Y,0,0,G,-,,N,-,buy,-,26-12-20,176.99,7.38,3.98,7.5%,5.8%,"转债占流动市值比：7.5%
转债占总市值比：5.8%",0.00,300040,sz123089,有效期：-；质押代码：123089,123089；2021-06-25 开始转股,全价：169.888 最后更新：15:14:03
113567,君禾转债,sh603617,君禾股份,C,10.58,2021-12-09,2020-09-10,2026-03-03,2024-03-04,,,100.000,y,54.46,30,30,0,0.00,,,50.01,113.000,n,130.000,15,30,0,,X,2.100,2.099,A+,A+,股票质押担保,,,,shmb,,,113567,113567,1.4730,753617,754617,,N,N,70.840,buy,,,4.72,N,259301043.0,199462981.0,Y,13.60,6859.98,9.06%,00,buy,buy,buy,14:59:57,128.54,7.14%,4.140,-3.59%,-4.34%,137.720,137.720,5.87%,14218.02,Y,0,0,,-,,N,-,buy,-,26-03-03,144.86,13.75,7.41,7.7%,6.0%,"转债占流动市值比：7.7%
转债占总市值比：6.0%",0.00,603617,sh113567,有效期：-；质押代码：113567,113567；2020-09-10 开始转股,全价：137.720 最后更新：14:59:57
113548,石英转债,sh603688,石英股份,C,14.93,2021-05-28,2020-05-06,2025-10-27,2023-10-27,,,100.000,y,17.85,30,30,0,0.00,,,58.92,118.000,n,130.000,15,30,7,,X,3.600,1.202,AA-,AA-,股份质押和保证,,,,shmb,,,113548,113548,1.0780,753688,754688,,N,N,43.700,buy,R,,9.98,N,353147440.0,353147440.0,Y,58.55,31783.82,4.83%,00,buy,buy,buy,14:59:57,392.16,7.16%,3.792,-27.94%,-28.62%,420.260,420.260,3.34%,29290.92,Y,0,0,,-,,N,-,buy,-,25-10-27,427.42,19.41,10.45,0.6%,0.6%,"转债占流动市值比：0.6%
转债占总市值比：0.6%",0.00,603688,sh113548,有效期：-；质押代码：113548,113548；2020-05-06 开始转股,全价：420.260 最后更新：14:59:57
128113,比音转债,sz002832,比音勒芬,C,14.60,2021-07-07,2020-12-21,2026-06-14,2024-06-14,,,100.000,y,39.83,30,30,0,0.00,,,3.94,112.000,n,130.000,15,30,7,,X,6.890,2.979,AA,AA,无担保,,,,szmb,,,128113,128113,1.3147,082832,072832,,N,N,85.110,buy,,,4.72,N,550326712.0,369037012.0,Y,25.66,3637.34,-0.23%,00,buy,buy,buy,15:14:03,175.75,7.18%,4.422,-10.40%,-10.97%,188.372,188.372,0.01%,2208.89,Y,0,0,,-,,N,-,buy,-,26-06-14,195.55,18.98,10.22,3.1%,2.1%,"转债占流动市值比：3.1%
转债占总市值比：2.1%",0.00,002832,sz128113,有效期：-；质押代码：128113,128113；2020-12-21 开始转股,全价：188.372 最后更新：15:14:03
128130,景兴转债,sz002067,景兴纸业,C,3.40,,2021-03-04,2026-08-30,2024-08-30,,,100.000,y,66.02,30,30,0,0.00,,,2.65,110.000,n,130.000,15,30,0,,X,12.800,9.987,AA,AA,无担保,,,,szmb,,,128130,128130,1.1519,082067,072067,,N,N,53.140,buy,R,,0.92,N,1193928835.0,1056303835.0,Y,4.12,7803.63,0.00%,00,buy,buy,buy,15:14:03,121.18,7.24%,4.633,-2.69%,-3.23%,129.948,129.948,0.10%,3432.81,Y,0,0,,-,,N,-,buy,-,26-08-30,137.19,4.42,2.72,22.9%,20.3%,"转债占流动市值比：22.9%
转债占总市值比：20.3%",0.00,002067,sz128130,有效期：-；质押代码：128130,128130；2021-03-04 开始转股,全价：129.948 最后更新：15:14:03
127042,嘉美转债,sz002969,嘉美包装,C,4.87,,2022-02-14,2027-08-09,2025-08-11,,,100.000,y,59.91,30,30,0,0.00,,,2.77,112.000,n,130.000,15,30,0,,X,7.500,7.500,AA,AA,无,,,,szmb,,,未到转股期,127042,0.7809,082969,072969,,N,N,8.550,-,,,2.39,N,962265735.0,444176962.0,Y,5.69,3012.18,1.97%,00,buy,buy,buy,15:14:03,116.84,8.10%,5.575,-1.37%,-1.90%,126.301,126.301,0.72%,2616.42,Y,0,0,,-,,N,-,buy,-,27-08-09,134.40,6.33,3.41,29.7%,13.7%,"转债占流动市值比：29.7%
转债占总市值比：13.7%",0.00,002969,sz127042,有效期：-；质押代码：127042,未到转股期；2022-02-14 开始转股,全价：126.301 最后更新：15:14:03
123134,卡倍转债,sz300863,卡倍亿,C,92.50,,2022-07-01,2027-12-27,2025-12-29,,,100.000,y,75.72,30,30,0,0.00,,,,115.000,n,130.000,15,30,0,,X,2.790,2.790,A+,A+,无,,,,szcy,,,未到转股期,123134,5.0516,380863,370863,,N,N,79.110,-,R,,7.46,N,55230000.0,18720000.0,Y,85.51,8947.48,1.16%,00,buy,buy,buy,,92.44,8.17%,5.959,3.31%,2.68%,100.000,100.000,0.00%,0.00,Y,0,0,,-,,N,-,buy,-,27-12-27,108.17,120.25,64.75,17.4%,5.9%,"转债占流动市值比：17.4%
转债占总市值比：5.9%",0.00,300863,sz123134,有效期：-；质押代码：123134,未到转股期；2022-07-01 开始转股,待上市
123046,天铁转债,sz300587,天铁股份,C,6.73,2021-12-07,2020-09-25,2026-03-18,2024-03-18,,,100.000,y,24.22,30,30,0,0.00,,,160.04,112.000,n,130.000,15,30,0,,N,3.990,0.601,AA-,AA-,无担保,,,,szcy,2021年12月28日公告：本次（2021年12月7日至2021年12月27日）不提前赎回，至2022年6月27日均不提前赎回,,123046,123046,2.1957,380587,370587,,N,N,52.910,buy,,,7.15,N,628245517.0,478444620.0,Y,19.45,26624.91,3.07%,00,buy,buy,buy,15:14:03,289.00,8.20%,4.181,-21.17%,-21.69%,312.702,312.702,0.94%,30306.47,Y,0,0,G,-,,N,-,buy,-,26-03-18,320.90,8.75,4.71,0.6%,0.5%,"转债占流动市值比：0.6%
转债占总市值比：0.5%",0.00,300587,sz123046,有效期：-；质押代码：123046,123046；2020-09-25 开始转股,全价：312.702 最后更新：15:14:03
113609,永安转债,sh603776,永安行,C,16.48,2021-06-11,2021-05-31,2026-11-23,2024-11-25,,,100.000,y,58.00,30,30,0,0.00,,,3.92,115.000,n,130.000,15,30,2,,X,8.860,7.338,AA-,AA-,无担保,,,,shmb,,,113609,113609,4.7620,753776,754776,,N,N,81.304,buy,R,,1.34,N,233447522.0,231880822.0,Y,19.89,5471.44,0.66%,00,buy,buy,buy,14:59:59,120.69,8.28%,4.866,-1.75%,-2.44%,130.680,130.680,-0.40%,3785.85,Y,0,0,,-,,N,-,buy,-,26-11-23,138.96,21.42,11.54,15.9%,15.8%,"转债占流动市值比：15.9%
转债占总市值比：15.8%",0.00,603776,sh113609,有效期：-；质押代码：113609,113609；2021-05-31 开始转股,全价：130.680 最后更新：14:59:59
128111,中矿转债,sz002738,中矿资源,C,15.45,2022-01-06,2020-12-17,2026-06-10,2024-06-10,,,100.000,y,18.02,30,30,0,0.00,,,95.70,118.000,n,130.000,15,30,0,,N,8.000,1.447,AA-,AA-,无担保,,,,szmb,2021年1月28日公告，本次（2020年12月17日至2021年1月28日）不行使提前赎回权利不提前赎回，至2022年1月28日前均不提前赎回,,128111,128111,2.8784,082738,072738,,N,N,70.254,buy,,,5.22,N,325175572.0,296108329.0,Y,60.00,75436.60,1.35%,00,buy,buy,buy,15:14:03,388.35,8.54%,4.411,-24.55%,-25.18%,421.517,421.517,1.12%,58700.37,Y,0,0,G,-,,N,-,buy,-,26-06-10,430.06,20.09,10.81,0.8%,0.7%,"转债占流动市值比：0.8%
转债占总市值比：0.7%",0.00,002738,sz128111,有效期：-；质押代码：128111,128111；2020-12-17 开始转股,全价：421.517 最后更新：15:14:03
123067,斯莱转债,sz300382,斯莱克,C,9.36,2021-06-30,2021-03-23,2026-09-16,2024-09-16,,,100.000,y,29.70,30,30,0,0.00,,,26.98,115.000,n,130.000,15,30,0,,N,3.880,2.400,AA-,AA-,无担保,,,,szcy,2021年11月15日公告：本次不行使提前赎回权利，至2022年2月23日均不提前赎回,,123067,123067,0.6940,380382,370382,,N,N,19.960,buy,,,10.76,N,580381337.0,580323512.0,Y,22.06,20132.04,4.65%,00,buy,buy,buy,15:14:03,235.68,8.66%,4.679,-15.07%,-15.67%,256.084,256.084,4.50%,16217.92,Y,0,0,G,-,,N,-,buy,-,26-09-16,264.74,12.17,6.55,1.9%,1.9%,"转债占流动市值比：1.9%
转债占总市值比：1.9%",0.00,300382,sz123067,有效期：-；质押代码：123067,123067；2021-03-23 开始转股,全价：256.084 最后更新：15:14:03
128025,特一转债,sz002728,特一药业,C,13.80,2021-12-01,2018-06-12,2023-12-06,2021-12-06,,,100.000,y,54.42,30,30,0,0.00,,,90.25,106.000,n,130.000,15,30,2,,X,3.540,2.978,AA-,AA-,许丹青的股票,,,,szmb,,,128025,128025,1.7700,082728,072728,,N,N,74.250,buy,,,3.74,N,221643927.0,127186140.0,Y,17.75,30460.28,-1.39%,00,buy,buy,buy,15:14:03,128.62,8.86%,1.899,-13.07%,-13.70%,140.015,140.015,-0.91%,37936.80,Y,1,1,,-,,N,-,buy,-,23-12-06,148.88,17.94,9.66,13.2%,7.6%,"转债占流动市值比：13.2%
转债占总市值比：7.6%",0.00,002728,sz128025,有效期：-；质押代码：128025,128025；2018-06-12 开始转股,全价：140.015 最后更新：15:14:03
113025,明泰转债,sh601677,明泰铝业,C,11.00,2021-05-14,2019-10-16,2025-04-09,2023-04-10,,,100.000,y,18.09,30,30,0,0.00,,,3.55,110.000,n,130.000,15,30,0,,N,18.390,10.966,AA,AA,无担保,,,,shmb,2021年7月19日公告：本次（2021年6月29日至2021年7月19日）不行使明泰转债的提前赎回权利，至2022年1月18日均不提前赎回,,113025,113025,3.1170,764677,783677,,N,N,24.000,buy,,,2.84,N,682582320.0,682436220.0,Y,42.56,29790.25,4.06%,00,buy,buy,buy,14:59:54,386.91,8.94%,3.241,-33.51%,-33.97%,421.480,421.480,2.96%,16354.28,Y,0,0,G,-,,N,-,buy,-,25-04-09,430.42,14.30,7.70,3.8%,3.8%,"转债占流动市值比：3.8%
转债占总市值比：3.8%",0.00,601677,sh113025,有效期：-；质押代码：113025,113025；2019-10-16 开始转股,全价：421.480 最后更新：14:59:54
123097,美力转债,sz300611,美力科技,C,9.28,2021-07-09,2021-08-02,2027-01-26,2025-01-27,,,100.000,y,56.88,30,30,0,0.00,,,12.11,115.000,n,130.000,15,30,6,,X,3.000,2.999,A+,A+,无,,,,szcy,,,123097,123097,1.7295,380611,370611,,N,N,57.250,buy,,,2.54,N,178963188.0,121740438.0,Y,11.42,3729.35,2.33%,00,buy,buy,buy,15:14:03,123.06,9.01%,5.041,-1.98%,-2.68%,134.150,134.150,1.31%,4851.55,Y,0,0,,-,,N,-,buy,-,27-01-26,143.16,12.06,6.50,21.6%,14.7%,"转债占流动市值比：21.6%
转债占总市值比：14.7%",0.00,300611,sz123097,有效期：-；质押代码：123097,123097；2021-08-02 开始转股,全价：134.150 最后更新：15:14:03
123031,晶瑞转债,sz300655,晶瑞电材,C,10.13,2021-05-07,2020-03-05,2025-08-28,2023-08-28,,,100.000,y,18.09,30,30,0,0.00,,,50.03,111.000,n,130.000,15,30,11,,X,1.850,0.530,A+,A+,无担保,,,,szcy,,,123031,123031,1.2217,380655,370655,,N,N,8.110,buy,,,8.56,N,340639856.0,289329418.0,Y,39.19,36436.51,2.11%,00,buy,buy,buy,15:14:03,386.87,9.05%,3.627,-30.40%,-30.86%,421.900,421.900,0.93%,11191.25,Y,0,0,,-,,N,-,buy,-,25-08-28,430.95,13.17,7.09,0.5%,0.4%,"转债占流动市值比：0.5%
转债占总市值比：0.4%",0.00,300655,sz123031,有效期：-；质押代码：123031,123031；2020-03-05 开始转股,全价：421.900 最后更新：15:14:03
123027,蓝晓转债,sz300487,蓝晓科技,C,29.02,2021-06-24,2019-12-17,2025-06-10,2023-06-12,,,100.000,y,20.73,30,30,0,0.00,,,110.02,113.000,n,130.000,15,30,0,,N,3.400,1.070,A+,A+,无担保,,,,szcy,2021年11月1日公告：本次（2021年9月9日至2021年10月29日）不行使提前赎回权利，至2022年1月29日前均不提前赎回,,123027,123027,1.6461,380487,370487,,N,N,71.900,buy,,,10.79,N,219785441.0,128363816.0,Y,98.00,33743.59,0.11%,00,buy,buy,buy,15:14:03,337.70,9.43%,3.411,-28.75%,-29.35%,369.550,369.550,0.15%,43898.72,Y,0,0,G,-,,N,-,buy,-,25-06-10,378.98,37.73,20.31,0.9%,0.5%,"转债占流动市值比：0.9%
转债占总市值比：0.5%",0.00,300487,sz123027,有效期：-；质押代码：123027,123027；2019-12-17 开始转股,全价：369.550 最后更新：15:14:03
128100,搜特转债,sz002503,搜于特,C,1.62,2021-08-17,2020-09-18,2026-03-11,2024-03-11,,,100.000,y,67.50,30,30,0,0.00,,,8.83,112.000,n,130.000,15,30,0,,X,8.000,7.991,A,A,无担保,,,,szmb,,,128100,128100,0.2622,082503,072503,,N,N,9.330,buy,R,,3.16,N,3092868251.0,2543064601.0,Y,1.68,21472.36,-1.18%,00,buy,buy,buy,15:14:03,103.70,9.51%,4.162,0.71%,-0.01%,113.570,113.570,0.77%,7981.94,Y,2,2,,-,,N,-,buy,-,26-03-11,123.08,2.11,1.13,18.7%,15.4%,"转债占流动市值比：18.7%
转债占总市值比：15.4%",0.00,002503,sz128100,有效期：-；质押代码：128100,128100；2020-09-18 开始转股,全价：113.570 最后更新：15:14:03
113525,台华转债,sh603055,台华新材,C,7.78,2021-05-28,2019-06-21,2024-12-16,2022-12-17,,,100.000,y,33.81,30,30,0,0.00,,,7.93,110.000,n,130.000,15,30,0,,N,5.330,1.854,AA,AA,无担保,,,,shmb,2021年12月28日公告：本次（2021年12月7日至2021年12月27日）不提前赎回，至2022年3月27日均不提前赎回,,113525,113525,0.9730,753055,754055,,N,N,29.060,buy,,,3.90,N,868874372.0,804671904.0,Y,16.11,5489.24,-0.92%,00,buy,buy,buy,14:59:50,207.07,10.32%,2.929,-21.52%,-22.12%,228.440,228.440,0.07%,3372.87,Y,0,0,G,-,,N,-,buy,-,24-12-16,238.76,10.11,5.45,1.4%,1.3%,"转债占流动市值比：1.4%
转债占总市值比：1.3%",0.00,603055,sh113525,有效期：-；质押代码：113525,113525；2019-06-21 开始转股,全价：228.440 最后更新：14:59:50
123110,九典转债,sz300705,九典制药,C,26.44,2021-05-19,2021-10-08,2027-03-31,2025-03-31,,,100.000,y,53.43,30,30,0,0.00,,,36.02,115.000,n,130.000,15,30,3,,X,2.700,2.698,A+,A+,无,,,,szcy,,,123110,123110,1.1505,380705,370705,,N,N,44.270,buy,,,7.64,N,234687298.0,142890383.0,Y,34.64,13976.31,0.41%,00,buy,buy,buy,15:14:03,131.01,10.50%,5.216,-3.39%,-4.05%,144.773,144.773,0.06%,14221.00,Y,0,0,,-,,N,-,buy,-,27-03-31,155.27,34.37,18.51,5.5%,3.3%,"转债占流动市值比：5.5%
转债占总市值比：3.3%",0.00,300705,sz123110,有效期：-；质押代码：123110,123110；2021-10-08 开始转股,全价：144.773 最后更新：15:14:03
123063,大禹转债,sz300021,大禹节水,C,4.83,2021-06-16,2021-02-03,2026-07-27,2025-07-28,,,100.000,y,55.34,30,30,0,0.00,,,7.10,120.000,n,130.000,15,30,0,,X,6.380,6.346,AA-,AA-,无担保,,,,szcy,,,123063,123063,0.8100,380021,370021,,N,N,68.990,buy,,,2.97,N,801074638.0,639330960.0,Y,6.11,26977.86,0.49%,00,buy,buy,buy,15:14:03,126.50,10.67%,4.540,-2.32%,-3.24%,140.000,140.000,1.12%,6263.17,Y,0,0,,-,,N,-,buy,-,26-07-27,150.67,6.28,3.38,16.2%,13.0%,"转债占流动市值比：16.2%
转债占总市值比：13.0%",0.00,300021,sz123063,有效期：-；质押代码：123063,123063；2021-02-03 开始转股,全价：140.000 最后更新：15:14:03
113549,白电转债,sh603861,白云电器,C,9.06,2021-11-16,2020-05-21,2025-11-14,2023-11-14,,,100.000,y,53.52,30,30,0,0.00,,,103.52,110.000,n,130.000,15,30,8,,X,8.800,8.048,AA,AA,无担保,,,,shmb,,,113549,113549,1.9470,753861,753861,,N,N,62.480,buy,,,1.92,N,435981858.0,421289381.0,Y,11.85,8352.40,10.03%,00,buy,buy,buy,15:00:00,130.79,10.71%,3.841,-6.07%,-6.68%,144.800,144.800,6.82%,120808.85,Y,0,0,,-,,N,-,buy,-,25-11-14,155.51,11.78,6.34,16.1%,15.6%,"转债占流动市值比：16.1%
转债占总市值比：15.6%",0.00,603861,sh113549,有效期：-；质押代码：113549,113549；2020-05-21 开始转股,全价：144.800 最后更新：15:00:00
113039,嘉泽转债,sh601619,嘉泽新能,C,3.46,2021-06-11,2021-03-01,2026-08-23,2024-08-23,,,100.000,y,50.88,30,30,0,0.00,,,19.84,108.000,n,130.000,15,30,0,,N,13.000,2.885,AA,AA,无担保,,,,shmb,2022年1月6日公告：本次（2021年12月15日至2022年1月5日）不提前赎回，至2022年4月5日均不提前赎回,,113039,113039,0.6260,764619,783619,,N,N,76.530,buy,,,2.40,N,2434220009.0,2365350009.0,Y,4.76,9403.34,-0.42%,00,buy,buy,buy,14:59:59,137.57,10.75%,4.614,-6.42%,-6.87%,152.360,152.360,0.81%,8702.02,Y,0,0,G,-,,N,-,buy,-,26-08-23,163.11,4.50,2.42,2.6%,2.5%,"转债占流动市值比：2.6%
转债占总市值比：2.5%",0.00,601619,sh113039,有效期：-；质押代码：113039,113039；2021-03-01 开始转股,全价：152.360 最后更新：14:59:59
113629,泉峰转债,sh603982,泉峰汽车,C,23.03,,2022-03-22,2027-09-13,2025-09-15,,,100.000,y,39.26,30,30,0,0.00,,,27.18,115.000,n,130.000,15,30,0,,X,6.200,6.200,AA-,AA-,无,,,,shmb,,,未到转股期,113629,3.0780,753982,754982,,N,N,36.230,buy,,,4.54,N,201415700.0,81723140.0,Y,41.06,19651.89,4.88%,00,buy,buy,buy,14:59:57,178.29,11.17%,5.671,-8.47%,-9.02%,198.210,198.210,2.99%,33362.73,Y,0,0,,-,,N,-,buy,-,27-09-13,209.38,29.94,16.12,18.5%,7.5%,"转债占流动市值比：18.5%
转债占总市值比：7.5%",0.00,603982,sh113629,有效期：-；质押代码：113629,未到转股期；2022-03-22 开始转股,全价：198.210 最后更新：14:59:57
127029,中钢转债,sz000928,中钢国际,C,5.79,2021-09-24,2021-09-27,2027-03-18,2025-03-18,,,100.000,y,50.85,30,30,0,0.00,,,7.57,113.000,n,130.000,15,30,0,,N,9.600,8.195,AA+,AA+,无,,,,szmb,2021年10月26日公告：本次（2021年9月27日至10月26日）不行使提前赎回权利，至2022年4月25日前均不提前赎回,,127029,127029,0.7639,080928,070928,,N,N,20.710,buy,R,,1.69,N,1280919103.0,1280887903.0,Y,7.97,25597.98,-1.12%,00,buy,buy,buy,15:14:03,137.65,11.36%,5.181,-5.07%,-5.62%,153.293,153.293,-0.55%,9480.92,Y,0,0,G,-,,N,-,buy,-,27-03-18,164.65,7.53,4.05,8.0%,8.0%,"转债占流动市值比：8.0%
转债占总市值比：8.0%",0.00,000928,sz127029,有效期：-；质押代码：127029,127029；2021-09-27 开始转股,全价：153.293 最后更新：15:14:03
110071,湖盐转债,sh600929,雪天盐业,C,6.52,2021-05-31,2021-01-18,2026-07-09,2024-07-09,,,100.000,y,58.89,30,30,0,0.00,,,8.94,110.000,n,130.000,15,30,0,,X,7.200,7.198,AA,AA,无担保,,,,shmb,,,110071,110071,0.7840,704929,733929,,N,N,78.196,buy,R,,2.66,N,931898142.0,917778142.0,Y,7.75,17054.91,6.02%,00,buy,buy,buy,15:00:00,118.87,11.46%,4.490,-3.18%,-3.75%,132.490,132.490,2.69%,8503.68,Y,0,0,,-,,N,-,buy,-,26-07-09,143.95,8.48,4.56,10.1%,10.0%,"转债占流动市值比：10.1%
转债占总市值比：10.0%",0.00,600929,sh110071,有效期：-；质押代码：110071,110071；2021-01-18 开始转股,全价：132.490 最后更新：15:00:00
110077,洪城转债,sh600461,洪城环境,C,6.71,2021-07-09,2021-05-26,2026-11-19,2024-11-19,,,100.000,y,54.55,30,30,0,0.00,,,0.65,110.000,n,130.000,15,30,1,,X,18.000,17.678,AA+,AA+,无担保,,,,shmb,,,110077,110077,1.8980,704461,733461,,N,N,81.140,buy,,,1.44,N,952834715.0,915365970.0,Y,8.61,7974.46,-1.26%,00,buy,buy,buy,14:59:46,128.32,11.50%,4.855,-4.74%,-5.20%,143.070,143.070,-0.78%,1651.98,Y,0,0,,-,,N,-,buy,-,26-11-19,154.57,8.72,4.70,22.4%,21.5%,"转债占流动市值比：22.4%
转债占总市值比：21.5%",0.00,600461,sh110077,有效期：-；质押代码：110077,110077；2021-05-26 开始转股,全价：143.070 最后更新：14:59:46
123080,海波转债,sz300517,海波重科,C,11.58,2021-06-01,2021-06-08,2026-12-01,2024-12-02,,,100.000,y,59.43,30,30,0,0.00,,,5.87,120.000,n,130.000,15,30,0,,X,2.450,2.435,A+,A+,无担保,,,,szcy,,,123080,123080,2.2955,380517,370517,,N,N,77.246,buy,,,2.87,N,192182818.0,112564498.0,Y,13.64,2276.31,1.64%,00,buy,buy,buy,15:14:03,117.79,11.64%,4.888,-0.89%,-1.75%,131.501,131.501,0.96%,1872.99,Y,0,0,,-,,N,-,buy,-,26-12-01,143.14,15.05,8.11,15.9%,9.3%,"转债占流动市值比：15.9%
转债占总市值比：9.3%",0.00,300517,sz123080,有效期：-；质押代码：123080,123080；2021-06-08 开始转股,全价：131.501 最后更新：15:14:03
123109,昌红转债,sz300151,昌红科技,C,28.06,2021-06-02,2021-10-08,2027-03-31,2025-03-31,,,100.000,y,53.67,30,30,0,0.00,,,4.98,115.000,n,130.000,15,30,0,,N,4.600,4.596,AA-,AA-,无,,,,szcy,2021年11月30日公告：本次（2021年11月1日至2021年11月29日）不行使提前赎回权利，至2022年5月27日均不提前赎回,,123109,123109,0.9263,380151,370151,,N,N,29.800,buy,,,16.38,N,502506221.0,315770871.0,Y,36.60,5094.08,0.88%,00,buy,buy,buy,15:14:03,130.43,11.68%,5.216,-3.56%,-4.21%,145.673,145.673,2.23%,3312.24,Y,0,0,G,-,,N,-,buy,-,27-03-31,157.35,36.48,19.64,4.0%,2.5%,"转债占流动市值比：4.0%
转债占总市值比：2.5%",0.00,300151,sz123109,有效期：-；质押代码：123109,123109；2021-10-08 开始转股,全价：145.673 最后更新：15:14:03
110066,盛屯转债,sh600711,盛屯矿业,C,4.87,2021-07-14,2020-09-07,2026-03-02,2024-03-01,,,100.000,y,31.10,30,30,0,0.00,,,39.68,110.000,n,130.000,15,30,0,,N,23.860,3.834,AA,AA,无担保,,,,shmb,2021年12月25日公告：本次（2021年12月6日至2021年12月24日）不提前赎回，至2022年1月24日均不提前赎回,,110066,110066,1.0330,704711,733711,,N,N,33.540,buy,R,,2.43,N,2747143184.0,2605882223.0,Y,10.96,114708.84,6.20%,00,buy,buy,buy,14:59:59,225.05,12.09%,4.137,-17.58%,-18.06%,252.260,252.260,6.71%,37768.53,Y,0,0,G,-,,N,-,buy,-,26-03-02,264.35,6.33,3.41,1.3%,1.3%,"转债占流动市值比：1.3%
转债占总市值比：1.3%",0.00,600711,sh110066,有效期：-；质押代码：110066,110066；2020-09-07 开始转股,全价：252.260 最后更新：14:59:59
127011,中鼎转2,sz000887,中鼎股份,C,11.39,2021-06-07,2019-09-16,2025-03-08,2023-03-08,,,100.000,y,35.83,30,30,0,0.00,,,10.97,110.000,n,130.000,15,30,7,,X,12.000,11.987,AA+,AA+,无担保,,,,szmb,,,127011,127011,0.9829,080887,070887,,N,N,63.530,buy,R,,2.89,N,1220929912.0,1218337489.0,Y,22.25,63858.84,6.46%,00,buy,buy,buy,15:14:03,195.35,12.21%,3.153,-18.92%,-19.53%,219.200,219.200,5.74%,28199.14,Y,0,0,,-,,N,-,buy,-,25-03-08,231.41,14.81,7.97,4.4%,4.4%,"转债占流动市值比：4.4%
转债占总市值比：4.4%",0.00,000887,sz127011,有效期：-；质押代码：127011,127011；2019-09-16 开始转股,全价：219.200 最后更新：15:14:03
127028,英特转债,sz000411,英特集团,C,13.22,2021-12-24,2021-07-12,2027-01-04,2025-01-06,,,100.000,y,60.52,30,30,0,0.00,,,17.85,108.000,n,130.000,15,30,0,,X,6.000,5.990,AA+,AA+,无担保,,,,szmb,,,127028,127028,2.4102,080411,070411,,N,N,52.150,buy,,,2.07,N,255376150.0,207422211.0,Y,15.29,14781.55,-0.91%,00,buy,buy,buy,15:14:03,115.66,12.23%,4.981,-2.83%,-3.27%,129.800,129.800,-0.08%,13827.02,Y,1,1,,-,,N,-,buy,-,27-01-04,142.03,17.19,9.25,18.9%,15.3%,"转债占流动市值比：18.9%
转债占总市值比：15.3%",0.00,000411,sz127028,有效期：-；质押代码：127028,127028；2021-07-12 开始转股,全价：129.800 最后更新：15:14:03
113027,华钰转债,sh601020,ST华钰,C,10.17,,2019-12-20,2025-06-13,2023-06-14,,,100.000,y,58.40,30,30,0,0.00,,,16.03,110.000,n,130.000,15,30,0,,N,6.400,3.098,A,A,无担保,,,,shmb,2021年11月10日公告，本次（2021年10月19日至2021年11月9日）不行使提前赎回权利，至2022年4月18日均不提前赎回,,113027,113027,1.2160,764020,783020,,N,N,4.450,buy,,,2.53,N,555312548.0,555314020.0,Y,12.19,6659.44,1.16%,00,buy,buy,buy,14:59:58,119.86,12.25%,3.419,-4.75%,-5.45%,134.550,134.550,0.89%,6676.58,Y,0,0,G,-,,N,-,buy,-,25-06-13,146.80,13.22,7.12,4.6%,4.6%,"转债占流动市值比：4.6%
转债占总市值比：4.6%",0.00,601020,sh113027,有效期：-；质押代码：113027,113027；2019-12-20 开始转股,全价：134.550 最后更新：14:59:58
113504,艾华转债,sh603989,艾华集团,C,20.81,2021-06-24,2018-09-08,2024-03-02,2022-03-02,,,100.000,y,39.31,30,30,0,0.00,,,1.05,106.000,n,130.000,15,30,0,,N,6.910,4.628,AA,AA,无担保,,,,shmb,2022年1月7日公告：本次（2021年12月17日至2022年1月7日）不提前赎回，至2022年4月7日均不提前赎回,,113504,113504,2.3030,753989,754989,,N,N,82.470,buy,R,,5.04,N,400813533.0,400813533.0,Y,37.06,4932.00,0.38%,00,buy,buy,buy,14:59:45,178.09,12.27%,2.137,-24.98%,-25.52%,199.940,199.940,-0.43%,977.08,Y,1,1,G,-,,N,-,buy,-,24-03-02,212.21,27.05,14.57,3.1%,3.1%,"转债占流动市值比：3.1%
转债占总市值比：3.1%",0.00,603989,sh113504,有效期：-；质押代码：113504,113504；2018-09-08 开始转股,全价：199.940 最后更新：14:59:45
123127,耐普转债,sz300818,耐普矿机,C,37.00,,2022-05-04,2027-10-28,2025-10-28,,,100.000,y,57.05,30,30,0,0.00,,,48.50,110.000,n,130.000,15,30,0,,X,4.000,4.000,A+,A+,无,,,,szcy,,,未到转股期,123127,5.7870,380818,370818,,N,N,22.780,-,,,3.37,N,70000000.0,31453000.0,Y,45.40,25748.61,-5.12%,00,buy,buy,buy,15:14:03,122.70,12.47%,5.795,-2.98%,-3.45%,138.000,138.000,-2.20%,26682.57,Y,0,0,,-,,N,-,buy,-,27-10-28,150.47,48.10,25.90,28.0%,12.6%,"转债占流动市值比：28.0%
转债占总市值比：12.6%",0.00,300818,sz123127,有效期：-；质押代码：123127,未到转股期；2022-05-04 开始转股,全价：138.000 最后更新：15:14:03
128040,华通转债,sz002758,浙农股份,C,10.15,2021-06-07,2018-12-21,2024-06-13,2022-06-14,,,100.000,y,59.36,30,30,0,0.00,,,6.55,108.000,n,130.000,15,30,0,,X,2.240,2.222,AA,AA,出质人钱木水、沈剑巢、朱国良将其合法拥有的公司股票作为质押资产进行质押担保，钱木水、沈剑巢、朱国良为本次发行可转债提供连带责任保证,,,,szmb,,,128040,128040,1.0666,082758,072758,,N,N,29.770,buy,,,1.76,N,487993037.0,195027600.0,Y,11.97,3592.33,0.00%,00,buy,buy,buy,15:14:03,117.93,12.66%,2.419,-7.17%,-7.95%,132.860,132.860,-0.20%,1940.87,Y,0,0,,-,,N,-,buy,-,24-06-13,145.52,13.20,7.11,9.5%,3.8%,"转债占流动市值比：9.5%
转债占总市值比：3.8%",0.00,002758,sz128040,有效期：-；质押代码：128040,128040；2018-12-21 开始转股,全价：132.860 最后更新：15:14:03
132014,18中化EB,sh601117,中国化学,E,7.39,2021-09-10,2019-04-25,2023-04-24,2022-04-24,,,100.000,y,46.23,30,30,0,1.11,2022-01-13,2022-01-13,0.02,106.000,y,130.000,15,30,0,,N,35.000,14.906,AAA,AAA,预备用于交换的中国化学股票设定为本次债券的担保物,,,,shmb,2021年8月19日公告：本次（2021年7月8日至2021年8月18日）不提前赎回，至2022年3月18日均不提前赎回,,132014,132014,,,,,Q,Q,,buy,R,,1.38,N,6109470588.0,4933000000.0,Y,11.19,58320.68,-1.06%,00,buy,buy,buy,14:22:22,151.42,12.67%,1.279,-30.30%,-31.06%,169.950,170.601,-0.03%,47.76,Y,0,0,G,-,,N,-,buy,-,23-04-24,182.62,9.61,5.17,2.7%,2.2%,"转债占流动市值比：2.7%
转债占总市值比：2.2%",0.00,601117,sh132014,有效期：2022-01-13 到 2022-01-13；质押代码：132014,132014；2019-04-25 开始转股,全价：170.601 最后更新：14:22:22
113017,吉视转债,sh601929,吉视传媒,C,2.23,2021-12-08,2018-07-03,2023-12-27,2021-12-27,,,100.000,y,63.20,30,30,0,0.00,,,17.80,106.000,n,130.000,15,30,0,,X,15.600,15.589,AA+,AA+,无担保,,,,shmb,,,113017,113017,0.5010,764929,783929,,N,N,3.800,buy,R,,1.10,N,3111176649.0,3111176649.0,Y,2.47,61659.71,-2.37%,00,buy,buy,buy,15:00:00,110.76,12.76%,1.956,-7.43%,-8.09%,124.900,124.900,-0.51%,34572.14,Y,1,1,,-,,N,-,buy,-,23-12-27,137.66,2.90,1.56,20.3%,20.3%,"转债占流动市值比：20.3%
转债占总市值比：20.3%",0.00,601929,sh113017,有效期：-；质押代码：113017,113017；2018-07-03 开始转股,全价：124.900 最后更新：15:00:00
113030,东风转债,sh601515,东风股份,C,6.40,2021-11-12,2020-06-30,2025-12-23,2023-12-25,,,100.000,y,49.50,30,30,0,0.00,,,91.36,112.000,n,130.000,15,30,7,,X,2.950,2.949,AA,AA,无担保,,,,shmb,,,113030,113030,0.2210,764515,783515,,N,N,13.210,buy,R,,3.04,N,1535743492.0,1334423360.0,Y,9.05,51287.80,7.74%,00,buy,buy,buy,14:59:59,141.41,12.79%,3.948,-7.80%,-8.45%,159.490,159.490,5.14%,42059.42,Y,0,0,,-,,N,-,buy,-,25-12-23,172.28,8.32,4.48,2.4%,2.1%,"转债占流动市值比：2.4%
转债占总市值比：2.1%",0.00,601515,sh113030,有效期：-；质押代码：113030,113030；2020-06-30 开始转股,全价：159.490 最后更新：14:59:59
113615,金诚转债,sh603979,金诚信,C,12.65,2021-06-09,2021-06-29,2026-12-22,2024-12-23,,,100.000,y,39.98,30,30,0,0.00,,,36.46,112.000,n,130.000,15,30,0,,N,10.000,8.664,AA,AA,无担保,,,,shmb,2021年11月24日公告：本次（2021年11月4日至2021年11月24日）不行使提前赎回权利，至2022年5月24日均不提前赎回,,113615,113615,1.7320,753979,754979,,N,N,71.880,buy,,,2.55,N,593966469.0,593966469.0,Y,22.15,18824.92,9.98%,00,buy,buy,buy,14:59:58,175.10,13.07%,4.945,-10.26%,-10.77%,197.980,197.980,7.83%,62402.72,Y,0,0,G,-,,N,-,buy,-,26-12-22,211.05,16.45,8.86,6.6%,6.6%,"转债占流动市值比：6.6%
转债占总市值比：6.6%",0.00,603979,sh113615,有效期：-；质押代码：113615,113615；2021-06-29 开始转股,全价：197.980 最后更新：14:59:58
128121,宏川转债,sz002930,宏川智慧,C,19.89,2021-10-11,2021-01-25,2026-07-16,2024-07-16,,,100.000,y,59.94,30,30,0,0.00,,,2.78,108.000,n,130.000,15,30,9,,X,6.700,6.699,AA-,AA-,无担保,,,,szmb,,,128121,128121,1.5099,082930,072930,,N,N,77.700,buy,,,4.57,N,446826731.0,424324536.0,Y,23.23,4174.56,-0.09%,00,buy,buy,buy,15:14:03,116.79,13.09%,4.510,-3.48%,-3.97%,132.075,132.075,0.82%,2445.64,Y,0,0,,-,,N,-,buy,-,26-07-16,145.16,25.86,13.92,6.8%,6.5%,"转债占流动市值比：6.8%
转债占总市值比：6.5%",0.00,002930,sz128121,有效期：-；质押代码：128121,128121；2021-01-25 开始转股,全价：132.075 最后更新：15:14:03
113051,节能转债,sh601016,节能风电,C,4.05,,2021-12-27,2027-06-21,2025-06-20,,,100.000,y,51.08,30,30,0,0.00,,,16.06,110.000,n,130.000,15,30,12,,X,30.000,29.994,AA+,AA+,无担保,,,,shmb,,,113051,113051,0.5980,764016,783016,,N,N,63.210,buy,R,,2.62,N,5013166687.0,4480556368.0,Y,5.55,56441.48,1.46%,00,buy,buy,buy,14:59:59,137.04,13.11%,5.441,-5.49%,-5.92%,155.000,155.000,6.32%,72685.36,Y,0,0,,-,,N,-,buy,-,27-06-21,168.11,5.26,2.83,12.1%,10.8%,"转债占流动市值比：12.1%
转债占总市值比：10.8%",0.00,601016,sh113051,有效期：-；质押代码：113051,113051；2021-12-27 开始转股,全价：155.000 最后更新：14:59:59
113550,常汽转债,sh603035,常熟汽饰,C,9.33,2021-05-28,2020-05-22,2025-11-17,2023-11-17,,,100.000,y,33.12,30,30,0,0.00,,,240.89,115.000,n,130.000,15,30,0,,N,9.924,2.147,AA-,AA-,无担保,,,,shmb,2021年12月3日公告：本次（2021年11月12日至2021年12月2日）不行使提前赎回权利，至2022年3月2日）均不提前赎回,,113550,113550,3.5440,753035,754035,,N,N,49.290,buy,,,1.80,N,360749112.0,360749112.0,Y,19.72,43939.41,5.01%,00,buy,buy,buy,15:00:00,211.36,13.15%,3.849,-16.58%,-17.29%,239.150,239.150,5.72%,123846.77,Y,0,0,G,-,,N,-,buy,-,25-11-17,252.30,12.13,6.53,3.0%,3.0%,"转债占流动市值比：3.0%
转债占总市值比：3.0%",0.00,603035,sh113550,有效期：-；质押代码：113550,113550；2020-05-22 开始转股,全价：239.150 最后更新：15:00:00
127027,靖远转债,sz000552,靖远煤电,C,3.13,2021-10-12,2021-06-16,2026-12-09,2024-12-09,,,100.000,y,60.19,30,30,0,0.00,,,2.28,110.000,n,130.000,15,30,0,,X,28.000,24.307,AA+,AA+,无担保,,,,szmb,,,127027,127027,1.2243,080552,070552,,N,N,35.200,buy,R,,1.00,N,2350879797.0,2347628690.0,Y,3.64,23913.05,-1.62%,00,buy,buy,buy,15:14:03,116.29,13.40%,4.910,-2.82%,-3.33%,131.880,131.880,-0.17%,7277.84,Y,0,0,,-,,N,-,buy,-,26-12-09,145.28,4.07,2.19,28.4%,28.4%,"转债占流动市值比：28.4%
转债占总市值比：28.4%",0.00,000552,sz127027,有效期：-；质押代码：127027,127027；2021-06-16 开始转股,全价：131.880 最后更新：15:14:03
113568,新春转债,sh603667,五洲新春,C,8.75,2021-06-15,2020-09-14,2026-03-05,2024-03-05,,,100.000,y,38.64,30,30,0,0.00,,,10.51,118.000,n,130.000,15,30,0,,N,3.300,2.436,AA-,AA-,无担保,,,,shmb,2021年8月10日公告：本次（2021年7月12日至2021年8月10日）不行使提前赎回权利，至2022年2月10日均不提前赎回,,113568,113568,1.1600,753667,754667,,N,N,15.920,buy,,,2.49,N,301173285.0,265065997.0,Y,15.85,4462.30,0.13%,00,buy,buy,buy,14:59:49,181.14,13.67%,4.145,-11.70%,-12.52%,205.910,205.910,2.77%,5183.87,Y,0,0,G,-,,N,-,buy,-,26-03-05,219.58,11.38,6.12,5.8%,5.1%,"转债占流动市值比：5.8%
转债占总市值比：5.1%",0.00,603667,sh113568,有效期：-；质押代码：113568,113568；2020-09-14 开始转股,全价：205.910 最后更新：14:59:49
113610,灵康转债,sh603669,灵康药业,C,8.61,2021-05-31,2021-06-07,2026-11-30,2024-11-29,,,100.000,y,62.13,30,30,0,0.00,,,4.93,115.000,n,130.000,15,30,0,,X,5.250,4.580,AA-,AA-,控股股东灵康控股保证的担保方式,,,,shmb,,,113610,113610,0.7350,753669,754669,,N,N,78.680,buy,,,4.75,N,721227382.0,721227382.0,Y,9.70,3830.43,-1.52%,00,buy,buy,buy,14:59:43,112.66,13.72%,4.885,-1.24%,-1.95%,128.120,128.120,-0.71%,2902.46,Y,0,0,,-,,N,-,buy,-,26-11-30,141.84,11.19,6.03,6.5%,6.5%,"转债占流动市值比：6.5%
转债占总市值比：6.5%",0.00,603669,sh113610,有效期：-；质押代码：113610,113610；2021-06-07 开始转股,全价：128.120 最后更新：14:59:43
128075,远东转债,sz002406,远东传动,C,5.29,2021-07-13,2020-03-27,2025-09-23,2023-09-25,,,100.000,y,59.53,30,30,0,0.00,,,1.65,110.000,n,130.000,15,30,0,,X,8.940,5.438,AA,AA,无担保,,,,szmb,,,128075,128075,1.5930,082406,072406,,N,N,42.076,buy,,,1.14,N,624158139.0,496148542.0,Y,6.22,2370.06,0.65%,00,buy,buy,buy,15:14:03,117.58,13.75%,3.699,-4.23%,-4.88%,133.751,133.751,1.25%,1187.85,Y,0,0,,-,,N,-,buy,-,25-09-23,147.50,6.88,3.70,17.6%,14.0%,"转债占流动市值比：17.6%
转债占总市值比：14.0%",0.00,002406,sz128075,有效期：-；质押代码：128075,128075；2020-03-27 开始转股,全价：133.751 最后更新：15:14:03
123071,天能转债,sz300569,天能重工,C,7.91,2021-08-02,2021-04-27,2026-10-20,2024-10-21,,,100.000,y,42.14,30,30,0,0.00,,,13.01,115.000,n,130.000,15,30,0,,N,7.000,6.943,AA-,AA-,无担保,,,,szcy,2021年10月15日公告：本次（2021年9月15日至2021年10月14日）不提前赎回，至2022年10月14日均不提前赎回,,123071,123071,1.7863,380569,370569,,N,N,70.512,buy,,,2.88,N,797386255.0,571997143.0,Y,13.14,15727.89,2.98%,00,buy,buy,buy,15:14:03,166.12,13.90%,4.773,-9.14%,-9.78%,189.212,189.212,4.15%,16905.33,Y,1,1,G,-,,N,-,buy,-,26-10-20,203.11,10.28,5.54,9.2%,6.6%,"转债占流动市值比：9.2%
转债占总市值比：6.6%",0.00,300569,sz123071,有效期：-；质押代码：123071,123071；2021-04-27 开始转股,全价：189.212 最后更新：15:14:03
128145,日丰转债,sz002953,日丰股份,C,13.66,2021-06-02,2021-09-27,2027-03-21,2025-03-21,,,100.000,y,55.24,30,30,0,0.00,,,10.12,110.000,n,130.000,30,30,0,,X,3.800,3.797,AA-,AA-,股份质押的担保方式,,,,szmb,,,128145,128145,2.1854,082953,072953,,N,N,79.780,buy,,,3.39,N,243382760.0,74669185.0,Y,17.31,6916.64,3.41%,00,buy,buy,buy,15:14:03,126.72,13.93%,5.189,-4.30%,-4.79%,144.370,144.370,3.34%,5471.73,Y,0,0,,-,,N,-,buy,-,27-03-21,158.30,17.76,9.56,29.4%,9.0%,"转债占流动市值比：29.4%
转债占总市值比：9.0%",0.00,002953,sz128145,有效期：-；质押代码：128145,128145；2021-09-27 开始转股,全价：144.370 最后更新：15:14:03
113527,维格转债,sh603518,锦泓集团,C,9.85,2020-08-05,2019-07-30,2025-01-23,2023-01-23,,,100.000,y,55.65,30,30,0,0.00,,,17.84,115.000,n,130.000,15,30,1,,X,7.460,2.864,AA,AA,无担保,,,,shmb,,,113527,113527,4.1310,753518,754518,,N,N,4.910,buy,,,1.48,N,296628771.0,296628771.0,Y,12.39,6330.84,-1.20%,00,buy,buy,buy,14:59:50,125.79,14.07%,3.033,-5.97%,-6.99%,143.490,143.490,0.10%,7315.67,Y,1,1,,-,,N,-,buy,-,25-01-23,157.56,12.80,6.89,7.8%,7.8%,"转债占流动市值比：7.8%
转债占总市值比：7.8%",0.00,603518,sh113527,有效期：-；质押代码：113527,113527；2019-07-30 开始转股,全价：143.490 最后更新：14:59:50
113570,百达转债,sh603331,百达精工,C,11.34,2021-06-30,2020-09-17,2026-03-10,2024-03-11,,,100.000,y,60.73,30,30,0,0.00,,,8.57,110.000,n,130.000,15,30,2,,X,2.800,2.799,A+,A+,股份质押的担保,,,,shmb,,,113570,113570,2.1800,753331,754331,,N,N,46.370,buy,,,2.67,N,178159917.0,175419917.0,Y,13.07,2636.90,3.16%,00,buy,buy,buy,14:59:52,115.26,14.16%,4.159,-3.27%,-3.88%,131.580,131.580,1.92%,3132.47,Y,0,0,,-,,N,-,buy,-,26-03-10,145.74,14.74,7.94,12.2%,12.0%,"转债占流动市值比：12.2%
转债占总市值比：12.0%",0.00,603331,sh113570,有效期：-；质押代码：113570,113570；2020-09-17 开始转股,全价：131.580 最后更新：14:59:52
111000,起帆转债,sh605222,起帆电缆,C,20.10,2021-10-29,2021-11-29,2027-05-24,2025-05-23,,,100.000,y,55.39,30,30,0,0.00,,,4.67,115.000,n,130.000,15,30,2,,X,10.000,9.997,AA-,AA-,无,,,,shmb,,,111000,111000,,715222,713222,,N,N,35.980,buy,,,2.95,N,418213213.0,100016213.0,Y,25.40,11389.09,4.18%,00,buy,buy,buy,14:59:57,126.37,14.21%,5.364,-3.37%,-3.99%,144.330,144.330,0.46%,6729.77,Y,0,0,,-,,N,-,buy,-,27-05-24,158.54,26.13,14.07,39.4%,9.4%,"转债占流动市值比：39.4%
转债占总市值比：9.4%",0.00,605222,sh111000,有效期：-；质押代码：111000,111000；2021-11-29 开始转股,全价：144.330 最后更新：14:59:57
128095,恩捷转债,sz002812,恩捷股份,C,64.92,2021-04-30,2020-08-17,2026-02-11,2024-02-12,,,100.000,y,18.11,30,30,0,0.00,,,13.20,110.000,n,130.000,15,30,30,,X,16.000,4.541,AA,AA,无担保,,,,szmb,,,128095,128095,1.9866,082812,072812,,N,N,77.840,buy,R,,17.40,N,892406822.0,742019714.0,Y,250.92,279186.48,5.45%,00,buy,buy,buy,15:14:03,386.51,14.21%,4.085,-28.43%,-28.83%,441.410,441.410,4.23%,26556.10,Y,0,0,B,-,,N,-,buy,-,26-02-11,455.62,84.40,45.44,0.2%,0.2%,"转债占流动市值比：0.2%
转债占总市值比：0.2%",0.00,002812,sz128095,有效期：-；质押代码：128095,128095；2020-08-17 开始转股,全价：441.410 最后更新：15:14:03
128107,交科转债,sz002061,浙江交科,C,5.24,2021-07-13,2020-10-28,2026-04-22,2024-04-22,,,100.000,y,62.17,30,30,0,0.00,,,1.94,110.000,n,130.000,15,30,0,,X,25.000,24.997,AA+,AA+,无担保,,,,szmb,,,128107,128107,1.8173,082061,072061,,N,N,83.390,buy,,,0.89,N,1375702619.0,1375702619.0,Y,5.90,13639.30,-1.67%,00,buy,buy,buy,15:14:03,112.60,14.21%,4.277,-2.65%,-3.25%,128.593,128.593,0.09%,6206.86,Y,0,0,,-,,N,-,buy,-,26-04-22,142.80,6.81,3.67,30.8%,30.8%,"转债占流动市值比：30.8%
转债占总市值比：30.8%",0.00,002061,sz128107,有效期：-；质押代码：128107,128107；2020-10-28 开始转股,全价：128.593 最后更新：15:14:03
123084,高澜转债,sz300499,高澜股份,C,9.01,2021-09-22,2021-06-16,2026-12-09,2024-12-09,,,100.000,y,43.47,30,30,0,0.00,,,72.69,115.000,n,130.000,15,30,7,,X,2.800,2.544,A+,A+,无担保,,,,szcy,,,123084,123084,1.0061,380499,370499,,N,N,67.220,buy,,,4.32,N,280804041.0,241690999.0,Y,14.51,26883.94,5.99%,00,buy,buy,buy,15:14:03,161.04,14.57%,4.910,-8.33%,-8.98%,184.501,184.501,6.65%,33158.68,Y,1,1,,-,,N,-,buy,-,26-12-09,199.07,11.71,6.31,7.3%,6.2%,"转债占流动市值比：7.3%
转债占总市值比：6.2%",0.00,300499,sz123084,有效期：-；质押代码：123084,123084；2021-06-16 开始转股,全价：184.501 最后更新：15:14:03
113545,金能转债,sh603113,金能科技,C,10.43,2021-05-31,2020-04-20,2025-10-13,2023-10-13,,,100.000,y,45.40,30,30,0,0.00,,,1.04,110.000,n,130.000,15,30,0,,N,15.000,9.867,AA,AA,无担保,,,,shmb,2021年12月23日公告：本次（2021年12月3日至2021年12月23日）不提前赎回，至2022年3月22日均不提前赎回,,113545,113545,2.2190,753113,754113,,N,N,47.100,buy,R,,1.54,N,855071934.0,723665890.0,Y,16.08,11178.10,0.06%,00,buy,buy,buy,14:59:50,154.17,14.98%,3.753,-11.21%,-11.78%,177.270,177.270,0.86%,1808.53,Y,0,0,G,-,,N,-,buy,-,25-10-13,192.25,13.56,7.30,8.5%,7.2%,"转债占流动市值比：8.5%
转债占总市值比：7.2%",0.00,603113,sh113545,有效期：-；质押代码：113545,113545；2020-04-20 开始转股,全价：177.270 最后更新：14:59:50
128030,天康转债,sz002100,天康生物,C,7.40,2021-12-24,2018-06-28,2023-12-22,2021-12-22,,,100.000,y,44.09,30,30,0,0.00,,,42.91,108.000,n,130.000,15,30,15,,X,10.000,0.871,AA,AA,无担保,,,,szmb,,,128030,128030,1.0380,082100,072100,,N,N,57.690,-,R,,2.82,N,1353856588.0,1076406924.0,Y,11.75,31556.95,-0.34%,00,buy,buy,buy,15:14:03,158.78,15.25%,1.942,-23.28%,-23.96%,182.998,182.998,-3.27%,6890.22,Y,0,0,B,-,,N,-,buy,-,23-12-22,198.25,9.62,5.18,0.7%,0.5%,"转债占流动市值比：0.7%
转债占总市值比：0.5%",0.00,002100,sz128030,有效期：-；质押代码：128030,128030；2018-06-28 开始转股,全价：182.998 最后更新：15:14:03
128096,奥瑞转债,sz002701,奥瑞金,C,4.50,2021-06-09,2020-08-17,2026-02-11,2024-02-12,,,100.000,y,48.02,30,30,0,0.00,,,2.84,110.000,n,130.000,15,30,7,,X,10.870,5.665,AA+,AA+,无担保,,,,szmb,,,128096,128096,0.4614,082701,072701,,N,N,58.210,buy,R,,2.18,N,2447652008.0,2445438132.0,Y,6.56,11462.32,-0.46%,00,buy,buy,buy,15:14:03,145.78,15.33%,4.085,-8.97%,-9.55%,168.123,168.123,-0.91%,2727.98,Y,0,0,,-,,N,-,buy,-,26-02-11,183.45,5.85,3.15,3.5%,3.5%,"转债占流动市值比：3.5%
转债占总市值比：3.5%",0.00,002701,sz128096,有效期：-；质押代码：128096,128096；2020-08-17 开始转股,全价：168.123 最后更新：15:14:03
128044,岭南转债,sz002717,岭南股份,C,3.43,2021-12-01,2019-02-20,2024-08-14,2022-08-14,,,100.000,y,63.52,30,30,0,0.00,,,13.10,107.000,n,130.000,15,30,0,,X,6.600,6.589,AA-,AA-,无担保,,,,szmb,,,128044,128044,0.6542,082717,072717,,N,N,40.500,buy,,,1.31,N,1684418292.0,1125742527.0,Y,3.78,40626.78,4.13%,00,buy,buy,buy,15:14:03,110.20,15.38%,2.589,-5.43%,-6.11%,127.151,127.151,1.71%,10931.75,Y,2,2,,-,,N,-,buy,-,24-08-14,142.53,4.46,2.40,15.5%,10.3%,"转债占流动市值比：15.5%
转债占总市值比：10.3%",0.00,002717,sz128044,有效期：-；质押代码：128044,128044；2019-02-20 开始转股,全价：127.151 最后更新：15:14:03
123045,雷迪转债,sz300652,雷迪克,C,19.63,2021-07-01,2020-09-18,2026-03-11,2024-03-11,,,100.000,y,58.75,30,30,0,0.00,,,26.08,113.000,n,130.000,15,30,0,,X,2.880,1.660,A+,A+,无担保,,,,szcy,,,123045,123045,3.2784,380652,370652,,N,N,44.120,buy,,,2.26,N,94082005.0,83507961.0,Y,23.39,6533.53,-0.04%,00,buy,buy,buy,15:14:03,119.15,15.53%,4.162,-3.54%,-4.29%,137.660,137.660,0.48%,5964.37,Y,0,0,,-,,N,-,buy,-,26-03-11,153.19,25.52,13.74,8.5%,7.5%,"转债占流动市值比：8.5%
转债占总市值比：7.5%",0.00,300652,sz123045,有效期：-；质押代码：123045,123045；2020-09-18 开始转股,全价：137.660 最后更新：15:14:03
113599,嘉友转债,sh603871,嘉友国际,C,18.32,2021-06-15,2021-02-18,2026-08-04,2024-08-04,,,100.000,y,56.54,30,30,0,0.00,,,2.63,120.000,n,130.000,15,30,0,,X,7.200,7.198,AA-,AA-,无担保,,,,shmb,,,113599,113599,3.2790,753871,754871,,N,N,90.430,buy,,,3.28,N,316960704.0,285385258.0,Y,22.68,3297.77,2.44%,00,buy,buy,buy,14:59:58,123.80,15.59%,4.562,-2.87%,-3.76%,143.100,143.100,3.59%,2662.09,Y,0,0,,-,,N,-,buy,-,26-08-04,158.69,23.82,12.82,11.1%,10.0%,"转债占流动市值比：11.1%
转债占总市值比：10.0%",0.00,603871,sh113599,有效期：-；质押代码：113599,113599；2021-02-18 开始转股,全价：143.100 最后更新：14:59:58
128141,旺能转债,sz002034,旺能环境,C,15.97,2021-05-31,2021-06-23,2026-12-16,2024-12-16,,,100.000,y,56.60,30,30,0,0.00,,,5.06,110.000,n,130.000,15,30,0,,X,14.000,12.702,AA,AA,无担保,,,,szmb,,,128141,128141,3.3225,082034,072034,,N,N,69.760,buy,,,1.64,N,429491129.0,426240243.0,Y,19.75,17385.44,-1.79%,00,buy,buy,buy,15:14:03,123.67,15.59%,4.929,-4.42%,-4.92%,142.950,142.950,-1.01%,9194.39,Y,0,0,,-,,N,-,buy,-,26-12-16,158.54,20.76,11.18,15.1%,15.0%,"转债占流动市值比：15.1%
转债占总市值比：15.0%",0.00,002034,sz128141,有效期：-；质押代码：128141,128141；2021-06-23 开始转股,全价：142.950 最后更新：15:14:03
123100,朗科转债,sz300543,朗科智能,C,11.61,2021-05-26,2021-08-23,2027-02-08,2025-02-10,,,100.000,y,58.47,30,30,0,0.00,,,3.73,112.000,n,130.000,15,30,7,,X,3.800,3.799,AA-,AA-,无,,,,szcy,,,123100,123100,1.8421,380543,380543,,N,N,12.940,buy,,,3.56,N,268174890.0,199696919.0,Y,13.90,3947.05,1.24%,00,buy,buy,buy,15:14:03,119.72,15.68%,5.077,-3.25%,-3.82%,138.500,138.500,1.09%,1954.13,Y,0,0,,-,,N,-,buy,-,27-02-08,154.18,15.09,8.13,13.7%,10.2%,"转债占流动市值比：13.7%
转债占总市值比：10.2%",0.00,300543,sz123100,有效期：-；质押代码：123100,123100；2021-08-23 开始转股,全价：138.500 最后更新：15:14:03
128087,孚日转债,sz002083,孚日股份,C,4.50,2021-04-28,2020-06-23,2025-12-17,2023-12-18,,,100.000,y,63.77,30,30,0,0.00,,,4.57,108.000,n,130.000,15,30,0,,X,6.500,6.497,AA-,AA-,无担保,,,,szmb,,,128087,128087,0.7403,082083,072083,,N,N,47.200,buy,,,1.19,N,908045977.0,905433276.0,Y,4.94,11807.41,-0.80%,00,buy,buy,buy,15:14:03,109.78,15.69%,3.932,-3.13%,-3.67%,127.001,127.001,-0.51%,3768.04,Y,1,1,,-,,N,-,buy,-,25-12-17,142.69,5.85,3.15,14.5%,14.5%,"转债占流动市值比：14.5%
转债占总市值比：14.5%",0.00,002083,sz128087,有效期：-；质押代码：128087,128087；2020-06-23 开始转股,全价：127.001 最后更新：15:14:03
123035,利德转债,sz300296,利亚德,C,6.96,2021-05-24,2020-05-20,2025-11-13,2023-11-13,,,100.000,y,47.12,30,30,0,0.00,,,2.84,110.000,n,130.000,15,30,0,,N,8.000,7.988,AA+,AA+,无担保,,,,szcy,2021年8月6日公告：本次（自2021年7月19日至2021年8月6日）不行使提前赎回的权利，至2022年2月6日均不提前赎回,,123035,123035,0.3174,380296,370296,,N,N,53.270,buy,R,,3.42,N,2542901478.0,1988702066.0,Y,10.34,46723.96,0.29%,00,buy,buy,buy,15:14:03,148.56,15.71%,3.838,-10.24%,-10.81%,171.897,171.897,1.12%,3877.12,Y,0,0,G,-,,N,-,buy,-,25-11-13,187.61,9.05,4.87,3.9%,3.0%,"转债占流动市值比：3.9%
转债占总市值比：3.0%",0.00,300296,sz123035,有效期：-；质押代码：123035,123035；2020-05-20 开始转股,全价：171.897 最后更新：15:14:03
110057,现代转债,sh600420,国药现代,C,9.79,2021-06-25,2019-10-08,2025-03-31,2023-04-01,,,100.000,y,65.33,30,30,0,0.81,2022-01-13,2022-01-13,2.89,106.000,n,130.000,15,30,0,,X,16.160,16.157,AAA,AAA,无担保,,,,shmb,,,110057,110057,1.5290,704420,733420,,N,N,32.790,buy,,,1.25,N,1026964555.0,1026964555.0,Y,10.49,9831.28,0.38%,00,buy,buy,buy,14:59:58,107.15,15.73%,3.216,-3.65%,-4.21%,124.000,124.000,0.21%,5792.61,Y,0,0,,-,,N,-,buy,-,25-03-31,139.73,12.73,6.85,15.0%,15.0%,"转债占流动市值比：15.0%
转债占总市值比：15.0%",0.00,600420,sh110057,有效期：2022-01-13 到 2022-01-13；质押代码：110057,110057；2019-10-08 开始转股,全价：124.000 最后更新：14:59:58
123107,温氏转债,sz300498,温氏股份,C,17.62,2021-07-08,2021-10-08,2027-03-28,2025-03-28,,,100.000,y,59.33,30,30,0,0.90,2022-01-13,2022-01-13,2.55,108.000,n,130.000,15,30,0,,X,92.970,92.966,AAA,AAA,无,,,,szcy,,,123107,123107,1.4587,380498,370498,,N,N,73.790,buy,R,,3.66,N,6351814344.0,4728906382.0,Y,20.79,95962.40,0.87%,00,buy,buy,buy,15:14:03,117.99,15.96%,5.208,-3.67%,-4.09%,136.823,136.823,0.02%,32267.74,Y,0,0,,-,,N,-,buy,-,27-03-28,152.78,22.91,12.33,9.5%,7.0%,"转债占流动市值比：9.5%
转债占总市值比：7.0%",0.00,300498,sz123107,有效期：2022-01-13 到 2022-01-13；质押代码：123107,123107；2021-10-08 开始转股,全价：136.823 最后更新：15:14:03
128048,张行转债,sz002839,张家港行,C,5.60,2021-07-08,2019-05-16,2024-11-12,,,,,y,,15,30,0,0.00,,,1.84,109.000,n,130.000,15,30,0,,X,25.000,24.975,AA+,AA+,无担保,,,,szmb,,,128048,128048,1.3831,082839,072839,,N,N,28.880,buy,R,,0.80,N,1807959258.0,1521751142.0,Y,6.18,20428.30,0.16%,00,buy,buy,buy,15:14:03,110.36,16.12%,2.836,-4.61%,-5.35%,128.147,128.147,0.12%,5889.79,Y,0,0,,-,,N,-,buy,-,24-11-12,144.27,7.28,-,26.6%,22.4%,"转债占流动市值比：26.6%
转债占总市值比：22.4%",0.00,002839,sz128048,有效期：-；质押代码：128048,128048；2019-05-16 开始转股,全价：128.147 最后更新：15:14:03
127003,海印转债,sz000861,海印股份,C,2.99,2021-07-21,2016-12-16,2022-06-08,2020-06-08,,,100.000,y,67.30,30,30,0,0.38,2022-01-13,2022-01-13,3.94,110.000,n,130.000,15,30,0,,X,11.110,6.736,AA,AA,广州海印实业集团有限公司责任人担保,,,,szmb,,,127003,127003,0.4938,080861,070861,4,N,N,,buy,R,,1.91,N,2325574211.0,2184526848.0,Y,3.11,15081.73,-2.20%,00,buy,buy,buy,15:14:03,104.01,16.37%,0.403,-22.63%,-26.73%,121.040,121.040,-0.62%,3217.70,Y,2,2,,-,,N,-,buy,-,22-06-08,137.41,3.89,2.09,9.9%,9.3%,"转债占流动市值比：9.9%
转债占总市值比：9.3%",0.00,000861,sz127003,有效期：2022-01-13 到 2022-01-13；质押代码：127003,127003；2016-12-16 开始转股,全价：121.040 最后更新：15:14:03
123070,鹏辉转债,sz300438,鹏辉能源,C,20.08,2021-08-17,2021-04-26,2026-10-19,2024-10-21,,,100.000,y,34.07,30,30,0,0.00,,,74.74,110.000,n,130.000,20,30,7,,X,8.900,5.988,AA,AA,无担保,,,,szcy,,,123070,123070,2.1380,380438,370438,,N,N,72.570,buy,,,6.74,N,433497356.0,329639518.0,Y,41.26,71763.77,5.66%,00,buy,buy,buy,15:14:03,205.48,16.40%,4.770,-14.46%,-14.90%,239.173,239.173,6.96%,103333.27,Y,0,0,,-,,N,-,buy,-,26-10-19,255.57,26.10,14.06,4.4%,3.3%,"转债占流动市值比：4.4%
转债占总市值比：3.3%",0.00,300438,sz123070,有效期：-；质押代码：123070,123070；2021-04-26 开始转股,全价：239.173 最后更新：15:14:03
127020,中金转债,sz000060,中金岭南,C,4.63,2021-06-18,2021-01-25,2026-07-19,2024-07-22,,,100.000,y,64.05,30,30,0,0.00,,,1.24,110.000,n,130.000,15,30,0,,X,38.000,34.279,AA+,AA+,无担保,,,,szmb,,,127020,127020,1.0645,080060,070060,,N,N,55.990,buy,R,,1.41,N,3650034613.0,3648835938.0,Y,5.06,26186.87,1.20%,00,buy,buy,buy,15:14:03,109.29,16.65%,4.518,-2.57%,-3.09%,127.488,127.488,0.70%,5394.58,Y,0,0,,-,,N,-,buy,-,26-07-19,144.14,6.02,3.24,18.6%,18.6%,"转债占流动市值比：18.6%
转债占总市值比：18.6%",0.00,000060,sz127020,有效期：-；质押代码：127020,127020；2021-01-25 开始转股,全价：127.488 最后更新：15:14:03
128017,金禾转债,sz002597,金禾实业,C,21.97,2021-05-21,2018-08-07,2023-11-01,2021-11-01,,,100.000,y,36.00,30,30,0,0.00,,,6.99,106.000,n,130.000,15,30,30,,X,6.000,5.519,AA,AA,无担保,,,,szmb,,,128017,128017,1.0633,082597,072597,,N,N,89.139,buy,R,,4.49,N,560913735.0,559486768.0,Y,42.72,25689.25,2.45%,00,buy,buy,buy,15:14:03,194.45,16.74%,1.803,-34.11%,-34.59%,226.998,226.998,0.99%,8772.03,Y,0,0,B,-,,N,-,buy,-,23-11-01,243.74,28.56,15.38,2.3%,2.3%,"转债占流动市值比：2.3%
转债占总市值比：2.3%",0.00,002597,sz128017,有效期：-；质押代码：128017,128017；2018-08-07 开始转股,全价：226.998 最后更新：15:14:03
128076,金轮转债,sz002722,金轮股份,C,14.66,2021-05-31,2020-04-20,2025-10-14,2023-10-13,,,100.000,y,60.54,30,30,0,0.00,,,28.25,110.000,n,130.000,15,30,0,,X,2.140,2.138,AA-,AA-,无担保,,,,szmb,,,128076,128076,1.2196,082722,072722,,N,N,37.890,buy,,,1.48,N,175478558.0,175462283.0,Y,16.95,11278.69,3.99%,00,buy,buy,buy,15:14:03,115.62,16.76%,3.756,-4.41%,-5.05%,134.999,134.999,2.00%,8144.20,Y,0,0,,-,,N,-,buy,-,25-10-14,151.76,19.06,10.26,7.2%,7.2%,"转债占流动市值比：7.2%
转债占总市值比：7.2%",0.00,002722,sz128076,有效期：-；质押代码：128076,128076；2020-04-20 开始转股,全价：134.999 最后更新：15:14:03
113600,新星转债,sh603978,深圳新星,C,23.85,,2021-02-19,2026-08-12,2024-08-12,,,100.000,y,59.37,30,30,0,0.00,,,23.64,120.000,n,130.000,15,30,0,,N,5.950,4.533,AA-,AA-,股份质押担保,,,,shmb,2021年11月6日公告：本次（2021年10月8日至2021年11月5日）不行使提前赎回权利，至2022年2月6日均不提前赎回,,113600,113600,3.7180,753978,754978,,N,N,75.984,buy,,,2.79,N,165939476.0,165939476.0,Y,28.12,11449.43,5.12%,00,buy,buy,buy,14:59:55,117.90,16.77%,4.584,-2.02%,-2.91%,137.680,137.680,3.29%,14572.29,Y,0,0,G,-,,N,-,buy,-,26-08-12,154.45,31.00,16.70,9.7%,9.7%,"转债占流动市值比：9.7%
转债占总市值比：9.7%",0.00,603978,sh113600,有效期：-；质押代码：113600,113600；2021-02-19 开始转股,全价：137.680 最后更新：14:59:55
123022,长信转债,sz300088,长信科技,C,6.05,2021-06-17,2019-09-23,2025-03-18,2023-03-18,,,100.000,y,37.48,30,30,0,0.00,,,67.36,110.000,n,130.000,15,30,14,,X,12.300,2.564,AA,AA,无担保,,,,szcy,,,123022,123022,0.5350,380088,370088,,N,N,42.700,buy,R,,3.66,N,2454887088.0,2442659856.0,Y,11.30,147442.76,2.17%,00,buy,buy,buy,15:14:03,186.78,16.88%,3.181,-18.70%,-19.30%,218.300,218.300,1.70%,37369.23,Y,0,0,,-,,N,-,buy,-,25-03-18,235.18,7.87,4.24,0.9%,0.9%,"转债占流动市值比：0.9%
转债占总市值比：0.9%",0.00,300088,sz123022,有效期：-；质押代码：123022,123022；2019-09-23 开始转股,全价：218.300 最后更新：15:14:03
118000,嘉元转债,sh688388,嘉元科技,C,78.74,2021-05-06,2021-09-01,2027-02-22,2025-02-24,,,100.000,y,43.34,30,30,0,0.00,,,28.18,115.000,n,130.000,15,30,12,,X,12.400,9.789,AA-,AA-,无,,,,shkc,,,118000,118000,5.3700,726388,718388,,N,N,70.922,buy,R,,9.35,N,234191983.0,170867583.0,Y,127.19,100564.82,8.89%,00,buy,buy,buy,14:59:59,161.53,17.03%,5.115,-8.50%,-9.12%,189.040,189.040,5.60%,51417.01,Y,0,0,,-,,N,-,buy,-,27-02-22,206.07,102.36,55.12,4.5%,3.3%,"转债占流动市值比：4.5%
转债占总市值比：3.3%",0.00,688388,sh118000,有效期：-；质押代码：118000,118000；2021-09-01 开始转股,全价：189.040 最后更新：14:59:59
123098,一品转债,sz300723,一品红,C,25.48,2021-08-25,2021-08-03,2027-01-27,2025-01-27,,,100.000,y,51.64,30,30,0,0.00,,,7.33,118.000,n,130.000,15,30,0,,N,4.800,4.236,AA-,AA-,无担保,,,,szcy,2022年1月5日公告：本次（2021年11月24日至2021年1月5日）不提前赎回，至2022年7月5日均不提前赎回,,123098,123098,3.0423,380723,370723,,N,N,85.150,buy,,,5.70,N,288034274.0,124345043.0,Y,34.54,10163.74,1.20%,00,buy,buy,buy,15:14:03,135.56,17.05%,5.044,-4.86%,-5.60%,158.670,158.670,1.33%,4945.94,Y,0,0,G,-,,N,-,buy,-,27-01-27,175.72,33.12,17.84,9.9%,4.3%,"转债占流动市值比：9.9%
转债占总市值比：4.3%",0.00,300723,sz123098,有效期：-；质押代码：123098,123098；2021-08-03 开始转股,全价：158.670 最后更新：15:14:03
113048,晶科转债,sh601778,晶科科技,C,5.46,2021-10-27,2021-10-29,2027-04-22,2025-04-22,,,100.000,y,50.42,30,30,0,0.00,,,4.75,112.000,n,130.000,15,30,0,,N,30.000,22.968,AA,AA,无,,,,shmb,2021年11月19日公告：本次（2021年10月29日至2021年11月18日）不行使提前赎回权利，至2022年5月18日均不提前赎回,,113048,113048,1.0840,764778,783778,,N,N,37.350,buy,,,1.85,N,2894287104.0,2040889117.0,Y,7.58,25167.98,1.20%,00,buy,buy,buy,15:00:00,138.83,17.10%,5.277,-6.13%,-6.64%,162.570,162.570,3.28%,17541.61,Y,1,1,G,-,,N,-,buy,-,27-04-22,179.67,7.10,3.82,14.8%,10.5%,"转债占流动市值比：14.8%
转债占总市值比：10.5%",0.00,601778,sh113048,有效期：-；质押代码：113048,113048；2021-10-29 开始转股,全价：162.570 最后更新：15:00:00
128119,龙大转债,sz002726,龙大美食,C,9.29,2021-08-12,2021-01-18,2026-07-12,2024-07-15,,,100.000,y,57.75,30,30,0,0.00,,,9.19,115.000,n,130.000,15,30,0,,X,9.500,9.461,AA,AA,无担保,,,,szmb,,,128119,128119,0.9516,082726,072726,,N,N,73.670,buy,R,,2.89,N,1078860185.0,991083080.0,Y,11.26,57122.20,4.94%,00,buy,buy,buy,15:14:03,121.21,17.14%,4.499,-3.75%,-4.47%,141.980,141.980,1.98%,12265.90,Y,0,0,,-,,N,-,buy,-,26-07-12,159.12,12.08,6.50,8.5%,7.8%,"转债占流动市值比：8.5%
转债占总市值比：7.8%",0.00,002726,sz128119,有效期：-；质押代码：128119,128119；2021-01-18 开始转股,全价：141.980 最后更新：15:14:03
128069,华森转债,sz002907,华森制药,C,18.01,2021-06-24,2019-12-30,2025-06-24,2023-06-26,,,100.000,y,64.13,30,30,0,0.00,,,154.04,115.000,n,130.000,15,30,0,,X,3.000,2.997,AA-,AA-,股份质押担保,,,,szmb,,,128069,128069,0.7498,082907,072907,,N,N,61.340,buy,,,6.23,N,401690732.0,284291978.0,Y,19.66,47967.98,4.57%,00,buy,buy,buy,15:14:03,109.16,17.36%,3.449,-2.08%,-3.02%,128.117,128.117,1.03%,59450.44,Y,0,0,,-,,N,-,buy,-,25-06-24,145.48,23.41,12.61,5.4%,3.8%,"转债占流动市值比：5.4%
转债占总市值比：3.8%",0.00,002907,sz128069,有效期：-；质押代码：128069,128069；2019-12-30 开始转股,全价：128.117 最后更新：15:14:03
128143,锋龙转债,sz002931,锋龙股份,C,12.73,2021-06-08,2021-07-14,2027-01-07,2025-01-07,,,100.000,y,62.36,30,30,0,0.00,,,2.99,115.000,n,130.000,15,30,0,,X,2.450,2.444,A+,A+,股票质押担保,,,,szmb,,,128143,128143,1.7228,082931,072931,,N,N,80.170,buy,,,4.08,N,199140144.0,178663130.0,Y,14.29,3139.93,1.56%,00,buy,buy,buy,15:14:03,112.25,17.41%,4.989,-1.70%,-2.40%,131.800,131.800,0.69%,959.83,Y,0,0,,-,,N,-,buy,-,27-01-07,149.21,16.55,8.91,9.6%,8.6%,"转债占流动市值比：9.6%
转债占总市值比：8.6%",0.00,002931,sz128143,有效期：-；质押代码：128143,128143；2021-07-14 开始转股,全价：131.800 最后更新：15:14:03
123060,苏试转债,sz300416,苏试试验,C,19.05,2022-01-11,2021-01-27,2026-07-20,2024-07-22,,,100.000,y,40.87,30,30,0,0.00,,,26.48,112.000,n,130.000,15,30,0,,N,3.100,3.097,AA-,AA-,无担保,,,,szcy,2021年11月5日公告：本次（2021年10月18日至2021年11月5日）不行使提前赎回权利，至2022年5月5日均不提前赎回,,123060,123060,1.5243,380416,370416,,N,N,75.120,buy,,,8.68,N,284582225.0,261781906.0,Y,32.63,16727.01,8.23%,00,buy,buy,buy,15:14:03,171.29,17.42%,4.521,-11.45%,-12.00%,201.125,201.125,4.49%,16582.76,Y,0,0,G,-,,N,-,buy,-,26-07-20,218.55,24.77,13.34,3.6%,3.3%,"转债占流动市值比：3.6%
转债占总市值比：3.3%",0.00,300416,sz123060,有效期：-；质押代码：123060,123060；2021-01-27 开始转股,全价：201.125 最后更新：15:14:03
113602,景20转债,sh603228,景旺电子,C,27.40,2021-05-12,2021-03-01,2026-08-23,2024-08-23,,,100.000,y,58.21,30,30,0,0.00,,,0.88,108.000,n,130.000,15,30,0,,X,17.800,17.798,AA,AA,无担保,,,,shmb,,,113602,113602,2.0900,753228,754228,,N,N,85.940,buy,R,,3.97,N,851672591.0,841872019.0,Y,32.95,17389.00,1.38%,00,buy,buy,buy,14:59:56,120.26,17.50%,4.614,-4.83%,-5.30%,141.300,141.300,1.65%,2199.95,Y,1,1,,-,,N,-,buy,-,26-08-23,158.80,35.62,19.18,6.4%,6.3%,"转债占流动市值比：6.4%
转债占总市值比：6.3%",0.00,603228,sh113602,有效期：-；质押代码：113602,113602；2021-03-01 开始转股,全价：141.300 最后更新：14:59:56
113579,健友转债,sh603707,健友股份,C,32.20,2021-07-15,2020-10-29,2026-04-22,2024-04-22,,,100.000,y,59.43,30,30,0,0.00,,,1.57,109.000,n,130.000,15,30,2,,X,5.030,5.023,AA,AA,无担保,,,,shmb,,,113579,113579,0.7000,753707,754707,,N,N,89.020,buy,R,,10.60,N,1243600220.0,1240854555.0,Y,37.93,10498.24,1.74%,00,buy,buy,buy,14:59:48,117.80,17.63%,4.277,-4.57%,-5.11%,138.560,138.560,0.04%,1095.72,Y,0,0,,-,,N,-,buy,-,26-04-22,156.19,41.86,22.54,1.1%,1.1%,"转债占流动市值比：1.1%
转债占总市值比：1.1%",0.00,603707,sh113579,有效期：-；质押代码：113579,113579；2020-10-29 开始转股,全价：138.560 最后更新：14:59:48
123042,银河转债,sz300619,金银河,C,23.59,2021-12-10,2020-07-20,2026-01-13,2024-01-15,,,100.000,y,22.03,30,30,0,0.00,,,180.90,110.000,n,130.000,15,30,7,,X,1.670,0.975,A+,A+,无担保,,,,szcy,,,123042,123042,2.2316,380619,370619,,N,N,49.650,buy,,,11.32,N,84664538.0,59449716.0,Y,74.97,20293.63,0.77%,00,buy,buy,buy,15:14:03,317.80,17.70%,4.005,-25.84%,-26.27%,374.061,374.061,1.69%,65696.02,Y,0,0,,-,,N,-,buy,-,26-01-13,391.76,30.67,16.51,2.2%,1.5%,"转债占流动市值比：2.2%
转债占总市值比：1.5%",0.00,300619,sz123042,有效期：-；质押代码：123042,123042；2020-07-20 开始转股,全价：374.061 最后更新：15:14:03
110038,济川转债,sh600566,济川药业,C,23.40,2021-05-26,2018-05-17,2022-11-12,2020-11-13,,,100.000,y,41.49,30,30,0,0.00,,,14.56,100.000,y,125.000,15,30,2,,X,8.430,6.302,AA,AA,无担保,,,,shmb,,,110038,110038,1.0410,704566,733566,,N,N,15.921,buy,R,,2.89,N,888273021.0,888273021.0,Y,28.20,61329.52,-1.91%,00,buy,buy,buy,14:59:57,120.51,17.73%,0.833,-30.36%,-31.37%,141.880,141.880,-0.30%,13041.34,Y,1,1,,-,,N,-,buy,-,22-11-12,159.61,29.25,11.70,2.5%,2.5%,"转债占流动市值比：2.5%
转债占总市值比：2.5%",0.00,600566,sh110038,有效期：-；质押代码：110038,110038；2018-05-17 开始转股,全价：141.880 最后更新：14:59:57
113577,春秋转债,sh603890,春秋电子,C,10.85,2021-09-03,2020-10-20,2026-04-13,2024-04-15,,,100.000,y,57.45,30,30,0,0.00,,,5.14,112.000,n,130.000,15,30,0,,X,2.400,1.778,AA-,AA-,股份质押担保和保证,,,,shmb,,,113577,113577,0.8750,753890,754890,,N,N,71.240,buy,R,,2.31,N,439175264.0,387107945.0,Y,13.22,4056.81,0.99%,00,buy,buy,buy,14:59:50,121.84,17.77%,4.252,-4.65%,-5.33%,143.490,143.490,1.12%,1305.99,Y,0,0,,-,,N,-,buy,-,26-04-13,161.26,14.11,7.59,3.5%,3.1%,"转债占流动市值比：3.5%
转债占总市值比：3.1%",0.00,603890,sh113577,有效期：-；质押代码：113577,113577；2020-10-20 开始转股,全价：143.490 最后更新：14:59:50
123057,美联转债,sz300586,美联新材,C,9.50,2021-07-12,2021-01-07,2026-06-30,2024-07-01,,,100.000,y,55.46,30,30,0,0.00,,,37.64,112.000,n,130.000,15,30,0,,N,2.070,2.066,AA-,AA-,无担保,,,,szcy,2021年12月13日公告：本次（2021年11月19日至2021年12月13日）不提前赎回，至2022年6月13日均提前赎回,,123057,123057,0.4533,380586,370586,,N,N,82.410,buy,,,5.12,N,524473683.0,346950508.0,Y,11.99,13996.27,2.57%,00,buy,buy,buy,15:14:03,126.21,18.09%,4.466,-5.24%,-5.88%,149.041,149.041,2.28%,11519.47,Y,0,0,G,-,,N,-,buy,-,26-06-30,167.13,12.35,6.65,5.0%,3.3%,"转债占流动市值比：5.0%
转债占总市值比：3.3%",0.00,300586,sz123057,有效期：-；质押代码：123057,123057；2021-01-07 开始转股,全价：149.041 最后更新：15:14:03
128101,联创转债,sz002036,联创电子,C,13.72,2021-06-07,2020-09-21,2026-03-16,2024-03-18,,,100.000,y,42.93,30,30,0,0.00,,,137.04,110.000,n,130.000,15,30,7,,X,3.000,2.995,AA,AA,无担保,,,,szmb,,,128101,128101,0.4208,082036,072036,,N,N,25.381,buy,R,,6.02,N,1062824950.0,1045944418.0,Y,22.37,112187.50,9.98%,00,buy,buy,buy,15:14:03,163.05,18.24%,4.175,-11.87%,-12.39%,192.780,192.780,7.58%,78782.23,Y,0,0,,-,,N,-,buy,-,26-03-16,211.02,17.84,9.60,1.3%,1.3%,"转债占流动市值比：1.3%
转债占总市值比：1.3%",0.00,002036,sz128101,有效期：-；质押代码：128101,128101；2020-09-21 开始转股,全价：192.780 最后更新：15:14:03
123075,贝斯转债,sz300580,贝斯特,C,23.74,2021-05-24,2021-05-06,2026-11-01,2024-11-01,,,100.000,y,54.88,30,30,0,0.00,,,19.51,110.000,n,130.000,15,30,3,,X,6.000,5.997,AA-,AA-,无担保,,,,szcy,,,123075,123075,3.0000,380580,370580,,N,N,84.750,buy,,,3.14,N,200010790.0,186527665.0,Y,30.28,13670.06,1.78%,00,buy,buy,buy,15:14:03,127.55,18.29%,4.805,-5.57%,-6.08%,150.872,150.872,3.53%,17497.55,Y,0,0,,-,,N,-,buy,-,26-11-01,169.16,30.86,16.62,10.6%,9.9%,"转债占流动市值比：10.6%
转债占总市值比：9.9%",0.00,300580,sz123075,有效期：-；质押代码：123075,123075；2021-05-06 开始转股,全价：150.872 最后更新：15:14:03
110043,无锡转债,sh600908,无锡银行,C,5.61,2021-07-06,2018-08-05,2024-01-30,,,,,y,,15,30,0,0.00,,,1.57,106.000,n,130.000,15,30,0,,X,30.000,29.214,AA+,AA+,无担保,,,,shmb,,,110043,110043,1.6230,704908,733908,,N,N,37.110,buy,,,0.72,N,1861675522.0,1763699985.0,Y,5.97,18996.14,0.84%,00,buy,buy,buy,14:59:43,106.42,18.49%,2.049,-7.25%,-7.94%,126.090,126.090,0.34%,5761.27,Y,2,2,,-,,N,-,buy,-,24-01-30,144.58,7.29,-,27.7%,26.3%,"转债占流动市值比：27.7%
转债占总市值比：26.3%",0.00,600908,sh110043,有效期：-；质押代码：110043,110043；2018-08-05 开始转股,全价：126.090 最后更新：14:59:43
110061,川投转债,sh600674,川投能源,C,9.20,2021-07-15,2020-05-15,2025-11-10,2023-11-10,,,100.000,y,54.95,30,30,0,1.01,2022-01-13,2022-01-13,1.99,106.000,n,130.000,15,30,0,,N,40.000,39.616,AAA,AAA,无担保,,,,shmb,2021年9月28日公告：本次（2021年9月6日至2021年9月28日）期间不行使提前赎回权利，至2022年9月28日均不提前赎回,,110061,110061,0.9080,704674,733674,,N,N,81.590,buy,R,,1.65,N,4406155440.0,4406155440.0,Y,11.72,13274.97,-1.18%,00,buy,buy,buy,14:59:55,127.39,18.56%,3.830,-8.01%,-8.44%,151.030,151.030,-0.64%,11842.70,Y,0,0,G,-,,N,-,buy,-,25-11-10,169.59,11.96,6.44,7.7%,7.7%,"转债占流动市值比：7.7%
转债占总市值比：7.7%",0.00,600674,sh110061,有效期：2022-01-13 到 2022-01-13；质押代码：110061,110061；2020-05-15 开始转股,全价：151.030 最后更新：14:59:55
123024,岱勒转债,sz300700,岱勒新材,C,14.10,2021-06-01,2019-09-27,2024-03-21,2022-03-21,,,100.000,y,64.93,30,30,0,0.00,,,3.47,110.000,n,130.000,15,30,0,,X,2.100,2.097,A+,A+,无担保,,,,szcy,,,123024,123024,2.5485,380700,370700,,N,N,55.940,buy,,,3.15,N,107137593.0,74276829.0,Y,15.20,5427.27,2.98%,00,buy,buy,buy,15:14:03,107.80,18.60%,2.189,-5.75%,-6.71%,127.850,127.850,0.92%,927.84,Y,1,1,,-,,N,-,buy,-,24-03-21,146.45,18.33,9.87,18.6%,12.9%,"转债占流动市值比：18.6%
转债占总市值比：12.9%",0.00,300700,sz123024,有效期：-；质押代码：123024,123024；2019-09-27 开始转股,全价：127.850 最后更新：15:14:03
128097,奥佳转债,sz002614,奥佳华,C,10.39,2021-04-30,2020-09-02,2026-02-25,2024-02-26,,,100.000,y,55.69,30,30,0,0.00,,,2.76,110.000,n,130.000,15,30,1,,X,12.000,4.586,AA-,AA-,无担保,,,,szmb,,,128097,128097,2.1380,082614,072614,,N,N,75.270,buy,,,1.72,N,630693012.0,448080169.0,Y,13.06,8102.25,1.08%,00,buy,buy,buy,15:14:03,125.70,18.62%,4.123,-6.24%,-6.83%,149.098,149.098,-0.52%,1896.26,Y,0,0,,-,,N,-,buy,-,26-02-25,167.72,13.51,7.27,7.8%,5.6%,"转债占流动市值比：7.8%
转债占总市值比：5.6%",0.00,002614,sz128097,有效期：-；质押代码：128097,128097；2020-09-02 开始转股,全价：149.098 最后更新：15:14:03
128090,汽模转2,sz002510,天汽模,C,4.23,2021-06-30,2020-07-03,2025-12-27,2023-12-27,,,100.000,y,63.40,30,30,0,0.00,,,13.96,110.000,n,130.000,15,30,0,,X,4.710,3.100,AA-,AA-,无担保,,,,szmb,,,128090,128090,0.5114,082510,072510,,N,N,41.350,buy,,,2.09,N,941616619.0,931317168.0,Y,4.67,16940.99,1.97%,00,buy,buy,buy,15:14:03,110.40,18.66%,3.959,-3.44%,-4.06%,131.000,131.000,1.10%,5648.99,Y,0,0,,-,,N,-,buy,-,25-12-27,149.66,5.50,2.96,7.1%,7.0%,"转债占流动市值比：7.1%
转债占总市值比：7.0%",0.00,002510,sz128090,有效期：-；质押代码：128090,128090；2020-07-03 开始转股,全价：131.000 最后更新：15:14:03
123050,聚飞转债,sz300303,聚飞光电,C,5.08,2021-06-30,2020-10-20,2026-04-13,2024-04-15,,,100.000,y,55.82,30,30,0,0.00,,,3.10,118.000,n,130.000,15,30,0,,X,7.050,3.746,AA-,AA-,无担保,,,,szcy,,,123050,123050,0.5513,380303,370303,,N,N,43.220,buy,,,3.02,N,1342588701.0,1223105685.0,Y,6.37,16506.54,0.47%,00,buy,buy,buy,15:14:03,125.39,18.75%,4.252,-4.34%,-5.21%,148.899,148.899,0.96%,1721.88,Y,0,0,,-,,N,-,buy,-,26-04-13,167.65,6.60,3.56,4.8%,4.4%,"转债占流动市值比：4.8%
转债占总市值比：4.4%",0.00,300303,sz123050,有效期：-；质押代码：123050,123050；2020-10-20 开始转股,全价：148.899 最后更新：15:14:03
113565,宏辉转债,sh603336,宏辉果蔬,C,7.64,2021-05-17,2020-09-03,2026-02-25,2024-02-26,,,100.000,y,61.12,30,30,0,0.00,,,110.43,112.000,n,130.000,15,30,0,,X,3.320,2.253,AA-,AA-,公司实际控制人担保,,,,shmb,,,113565,113565,1.4730,753336,754336,,N,N,80.610,buy,,,3.55,N,438679917.0,438679917.0,Y,8.75,29450.84,5.04%,00,buy,buy,buy,15:00:00,114.53,18.78%,4.123,-3.51%,-4.22%,136.040,136.040,5.60%,33166.48,Y,0,0,,-,,N,-,buy,-,26-02-25,154.82,9.93,5.35,5.9%,5.9%,"转债占流动市值比：5.9%
转债占总市值比：5.9%",0.00,603336,sh113565,有效期：-；质押代码：113565,113565；2020-09-03 开始转股,全价：136.040 最后更新：15:00:00
123082,北陆转债,sz300016,北陆药业,C,8.81,2021-06-29,2021-06-11,2026-12-06,2024-12-06,,,100.000,y,65.61,30,30,0,0.00,,,5.98,115.000,n,130.000,15,30,0,,X,5.000,4.993,A+,A+,无担保,,,,szcy,,,123082,123082,1.0111,380016,370016,,N,N,71.430,buy,,,2.51,N,492717587.0,406759212.0,Y,9.40,19660.33,-1.57%,00,buy,buy,buy,15:14:03,106.70,18.80%,4.901,-0.93%,-1.66%,126.759,126.759,-1.58%,3800.21,Y,1,1,,-,,N,-,buy,-,26-12-06,145.56,11.45,6.17,13.1%,10.8%,"转债占流动市值比：13.1%
转债占总市值比：10.8%",0.00,300016,sz123082,有效期：-；质押代码：123082,123082；2021-06-11 开始转股,全价：126.759 最后更新：15:14:03
127045,牧原转债,sz002714,牧原股份,C,47.91,,2022-02-21,2027-08-16,2025-08-15,,,100.000,y,58.53,30,30,0,0.00,,,0.61,107.000,n,130.000,15,30,0,,X,95.500,95.500,AA+,AA+,无,,,,szmb,,,未到转股期,127045,1.8145,082714,072714,,N,N,84.360,buy,R,,5.37,Y,5262358594.0,3550079179.0,Y,57.30,172650.15,1.20%,00,buy,buy,buy,15:14:03,119.60,19.16%,5.595,-4.41%,-4.75%,142.511,142.511,1.17%,8287.76,Y,0,0,,-,,N,-,buy,-,27-08-16,161.67,62.28,33.54,4.7%,3.2%,"转债占流动市值比：4.7%
转债占总市值比：3.2%",0.00,002714,sz127045,有效期：-；质押代码：127045,未到转股期；2022-02-21 开始转股,全价：142.511 最后更新：15:14:03
113052,兴业转债,sh601166,兴业银行,C,25.51,,2022-06-30,2027-12-27,,,,,y,,0,0,0,0.00,,,,109.000,n,130.000,15,30,0,,X,500.000,500.000,AAA,AAA,无,,,,shmb,,,未到转股期,113052,0.2406,764166,783166,,N,N,45.430,-,R,,0.67,Y,20774190751.0,19615250551.0,Y,21.37,316664.93,-0.14%,00,buy,buy,buy,,83.77,19.37%,5.959,2.32%,1.87%,100.000,100.000,0.00%,0.00,Y,0,0,,-,,N,-,buy,-,27-12-27,119.37,33.16,-,11.9%,11.3%,"转债占流动市值比：11.9%
转债占总市值比：11.3%",0.00,601166,sh113052,有效期：-；质押代码：113052,未到转股期；2022-06-30 开始转股,待上市
123129,锦鸡转债,sz300798,锦鸡股份,C,9.53,,2022-05-10,2027-11-03,2025-11-03,,,100.000,y,55.73,30,30,0,0.00,,,1.06,112.000,n,120.000,20,30,0,,X,6.000,6.000,AA-,AA-,无,,,,szcy,,,未到转股期,123129,1.4362,380798,370798,,N,N,32.210,-,,,3.43,N,417748945.0,210221808.0,Y,10.26,3906.20,1.38%,00,buy,buy,buy,15:14:03,107.66,19.45%,5.811,-1.53%,-2.05%,128.600,128.600,1.03%,816.48,Y,0,0,,-,,N,-,buy,-,27-11-03,148.05,11.44,5.72,27.8%,14.0%,"转债占流动市值比：27.8%
转债占总市值比：14.0%",0.00,300798,sz123129,有效期：-；质押代码：123129,未到转股期；2022-05-10 开始转股,全价：128.600 最后更新：15:14:03
128140,润建转债,sz002929,润建股份,C,26.40,2021-06-07,2021-06-15,2026-12-04,2024-12-06,,,100.000,y,53.29,30,30,0,0.00,,,1.63,110.000,n,130.000,15,30,0,,N,10.900,10.897,AA,AA,无担保,,,,szmb,2021年11月25日公告：本次（2021年11月08日至2021年11月24日）不行使提前赎回权利，至2022年12月31日均不提前赎回,,128140,128140,4.9377,082929,072929,,N,N,83.270,buy,,,2.25,N,228728817.0,168506828.0,Y,34.68,4988.12,1.46%,00,buy,buy,buy,15:14:03,131.36,19.52%,4.896,-6.28%,-6.77%,157.000,157.000,0.96%,2776.41,Y,0,0,G,-,,N,-,buy,-,26-12-04,176.52,34.32,18.48,18.6%,13.7%,"转债占流动市值比：18.6%
转债占总市值比：13.7%",0.00,002929,sz128140,有效期：-；质押代码：128140,128140；2021-06-15 开始转股,全价：157.000 最后更新：15:14:03
123048,应急转债,sz300527,中船应急,C,8.88,2021-07-21,2020-10-16,2026-04-09,2024-04-09,,,100.000,y,57.82,30,30,0,0.00,,,18.23,108.000,n,130.000,15,30,0,,X,8.190,3.792,AA+,AA+,无担保,,,,szcy,,,123048,123048,0.8961,380527,370527,,N,N,13.090,buy,R,,3.78,N,963211158.0,963205358.0,Y,10.75,33797.09,-0.83%,00,buy,buy,buy,15:14:03,121.06,19.61%,4.241,-5.83%,-6.32%,144.802,144.802,-0.10%,9957.17,Y,0,0,,-,,N,-,buy,-,26-04-09,164.41,11.54,6.22,3.7%,3.7%,"转债占流动市值比：3.7%
转债占总市值比：3.7%",0.00,300527,sz123048,有效期：-；质押代码：123048,123048；2020-10-16 开始转股,全价：144.802 最后更新：15:14:03
113601,塞力转债,sh603716,塞力医疗,C,16.98,,2021-03-01,2026-08-20,2024-08-20,,,100.000,y,67.15,30,30,0,0.00,,,64.37,115.000,n,130.000,15,30,0,,X,5.430,5.429,AA-,AA-,无担保,,,,shmb,,,113601,113601,2.7390,753716,754716,,N,N,67.160,buy,,,2.24,N,205018993.0,201323345.0,Y,17.70,69685.50,-5.35%,00,buy,buy,buy,14:59:58,104.24,19.92%,4.605,-0.76%,-1.52%,125.010,125.010,-1.47%,44096.14,Y,0,0,,-,,N,-,buy,-,26-08-20,144.93,22.07,11.89,15.2%,15.0%,"转债占流动市值比：15.2%
转债占总市值比：15.0%",0.00,603716,sh113601,有效期：-；质押代码：113601,113601；2021-03-01 开始转股,全价：125.010 最后更新：14:59:58
123043,正元转债,sz300645,正元智慧,C,15.38,2021-06-09,2020-09-11,2026-03-04,2024-03-04,,,100.000,y,46.53,30,30,0,0.00,,,185.04,115.000,n,130.000,15,30,13,,X,1.750,1.656,A+,A+,无担保,,,,szcy,,,123043,123043,1.3815,380645,370645,,N,N,48.790,buy,,,4.23,N,127650635.0,127650635.0,Y,23.14,13525.87,1.40%,00,buy,buy,buy,15:14:03,150.46,19.97%,4.142,-9.42%,-10.16%,180.500,180.500,0.00%,55596.18,Y,0,0,,-,,N,-,buy,-,26-03-04,200.47,19.99,10.77,5.6%,5.6%,"转债占流动市值比：5.6%
转债占总市值比：5.6%",0.00,300645,sz123043,有效期：-；质押代码：123043,123043；2020-09-11 开始转股,全价：180.500 最后更新：15:14:03
123087,明电转债,sz300739,明阳电路,C,16.32,2021-05-24,2021-06-21,2026-12-14,2025-12-15,,,100.000,y,55.51,30,30,0,0.00,,,2.76,115.000,n,130.000,15,30,0,,X,6.730,4.189,AA-,AA-,无担保,,,,szcy,,,123087,123087,2.4094,380739,370739,,N,N,84.410,buy,R,,3.04,N,294756807.0,288240707.0,Y,17.64,5308.89,1.38%,00,buy,buy,buy,15:14:03,108.09,20.07%,4.923,-1.47%,-2.18%,129.780,129.780,0.04%,1499.56,Y,1,1,,-,,N,-,buy,-,26-12-14,149.85,21.22,9.79,8.2%,8.1%,"转债占流动市值比：8.2%
转债占总市值比：8.1%",0.00,300739,sz123087,有效期：-；质押代码：123087,123087；2021-06-21 开始转股,全价：129.780 最后更新：15:14:03
110063,鹰19转债,sh600567,山鹰国际,C,3.26,2021-07-05,2020-06-19,2025-12-12,2023-12-12,,,100.000,y,67.51,30,30,0,0.00,,,0.56,111.000,n,130.000,15,30,0,,X,18.600,18.092,AA+,AA+,无担保,,,,shmb,,,110063,110063,0.4120,704567,733567,,N,N,31.650,buy,R,,0.94,N,4616166707.0,4616166707.0,Y,3.38,12821.39,0.60%,00,buy,buy,buy,14:59:32,103.68,20.11%,3.918,-1.96%,-2.63%,124.530,124.530,0.81%,1247.44,Y,0,0,,-,,N,-,buy,-,25-12-12,144.64,4.24,2.28,11.6%,11.6%,"转债占流动市值比：11.6%
转债占总市值比：11.6%",0.00,600567,sh110063,有效期：-；质押代码：110063,110063；2020-06-19 开始转股,全价：124.530 最后更新：14:59:32
123014,凯发转债,sz300407,凯发电气,C,8.05,2021-06-03,2019-02-11,2023-07-27,2021-07-27,,,100.000,y,61.05,30,30,0,0.00,,,16.32,106.000,n,130.000,15,30,0,,X,3.499,1.161,A+,A+,无担保,,,,szcy,,,123014,123014,1.2659,380407,370407,,N,N,45.880,buy,,,1.99,N,305096381.0,210891547.0,Y,9.23,5982.42,2.90%,00,buy,buy,buy,15:14:03,114.66,20.17%,1.537,-15.03%,-15.79%,137.790,137.790,0.74%,2608.15,Y,0,0,,-,,N,-,buy,-,23-07-27,157.96,10.46,5.63,6.0%,4.1%,"转债占流动市值比：6.0%
转债占总市值比：4.1%",0.00,300407,sz123014,有效期：-；质押代码：123014,123014；2019-02-11 开始转股,全价：137.790 最后更新：15:14:03
127049,希望转2,sz000876,新希望,C,14.45,,2022-05-09,2027-11-01,2025-11-03,,,100.000,y,57.31,30,30,0,0.92,2022-01-13,2022-01-13,1.72,107.000,n,130.000,15,30,0,,X,81.500,81.500,AAA,AAA,无,,,,szmb,,,未到转股期,127049,1.8400,080876,070876,,N,N,72.271,-,R,,2.30,N,4505211342.0,4325422589.0,Y,17.65,153138.26,-1.94%,00,buy,buy,buy,15:14:03,122.15,20.19%,5.805,-4.73%,-5.06%,146.807,146.807,-0.55%,20658.79,Y,0,0,,-,,N,-,buy,-,27-11-01,167.00,18.79,10.12,10.7%,10.2%,"转债占流动市值比：10.7%
转债占总市值比：10.2%",0.00,000876,sz127049,有效期：2022-01-13 到 2022-01-13；质押代码：127049,未到转股期；2022-05-09 开始转股,全价：146.807 最后更新：15:14:03
128109,楚江转债,sz002171,楚江新材,C,8.63,2021-05-31,2020-12-10,2026-06-03,2024-06-03,,,100.000,y,51.46,30,30,0,0.00,,,0.77,110.000,n,130.000,15,30,0,,N,18.300,18.226,AA,AA,无担保,,,,szmb,2021年11月30日公告：本次不行使楚江转债的提前赎回权利，至2022年11月29日均不提前赎回,,128109,128109,1.4176,082171,072171,,N,N,78.850,buy,R,,2.59,N,1334530042.0,1244685323.0,Y,11.74,21877.38,2.09%,00,buy,buy,buy,15:14:03,136.04,20.20%,4.392,-7.86%,-8.39%,163.510,163.510,2.16%,2292.34,Y,0,0,G,-,,N,-,buy,-,26-06-03,183.71,11.22,6.04,12.5%,11.6%,"转债占流动市值比：12.5%
转债占总市值比：11.6%",0.00,002171,sz128109,有效期：-；质押代码：128109,128109；2020-12-10 开始转股,全价：163.510 最后更新：15:14:03
110079,杭银转债,sh600926,杭州银行,C,12.99,2021-08-30,2021-10-08,2027-03-29,,,,,y,,0,0,0,0.84,2022-01-13,2022-01-13,1.26,108.000,n,130.000,15,30,0,,X,150.000,149.993,AAA,AAA,无,,,,shmb,,,110079,110079,2.5290,704926,733926,,N,N,42.340,buy,R,,0.93,Y,5930255051.0,5060452059.0,Y,13.79,48230.87,-0.29%,00,buy,buy,buy,14:59:54,106.16,20.22%,5.211,-2.44%,-2.86%,127.620,127.620,-0.29%,24076.52,Y,1,1,,-,,N,-,buy,-,27-03-29,147.84,16.89,-,21.5%,18.3%,"转债占流动市值比：21.5%
转债占总市值比：18.3%",0.00,600926,sh110079,有效期：2022-01-13 到 2022-01-13；质押代码：110079,110079；2021-10-08 开始转股,全价：127.620 最后更新：14:59:54
110047,山鹰转债,sh600567,山鹰国际,C,3.30,2021-07-05,2019-05-27,2024-11-21,2022-11-21,,,100.000,y,68.34,30,30,0,0.00,,,0.51,113.000,n,130.000,15,30,0,,X,23.000,22.455,AA+,AA+,无担保,,,,shmb,,,110047,110047,0.5030,704567,733567,,N,N,14.080,buy,R,,0.94,N,4616166707.0,4616166707.0,Y,3.38,12821.39,0.60%,00,buy,buy,buy,14:58:52,102.42,20.27%,2.860,-1.96%,-2.95%,123.190,123.190,0.43%,1414.69,Y,0,0,,-,,N,-,buy,-,24-11-21,143.46,4.29,2.31,14.4%,14.4%,"转债占流动市值比：14.4%
转债占总市值比：14.4%",0.00,600567,sh110047,有效期：-；质押代码：110047,110047；2019-05-27 开始转股,全价：123.190 最后更新：14:58:52
118002,天合转债,sh688599,天合光能,C,50.51,,2022-02-21,2027-08-12,2025-08-12,,,100.000,y,54.33,30,30,0,0.00,,,4.05,115.000,n,130.000,15,30,0,,X,52.520,52.520,AA,AA,无,,,,shkc,,,未到转股期,118002,2.5400,726599,718599,,N,N,63.350,buy,R,,8.21,N,2068026375.0,1219295285.0,Y,65.08,83899.45,3.65%,00,buy,buy,buy,15:00:00,128.85,20.36%,5.584,-4.54%,-5.12%,155.080,155.080,1.91%,33031.81,Y,0,0,,-,,N,-,buy,-,27-08-12,175.44,65.66,35.36,6.6%,3.9%,"转债占流动市值比：6.6%
转债占总市值比：3.9%",0.00,688599,sh118002,有效期：-；质押代码：118002,未到转股期；2022-02-21 开始转股,全价：155.080 最后更新：15:00:00
110075,南航转债,sh600029,南方航空,C,6.24,,2021-04-21,2026-10-14,2024-10-14,,,100.000,y,61.26,30,30,0,0.92,2022-01-13,2022-01-13,0.76,106.500,n,130.000,15,30,0,,X,160.000,58.960,AAA,AAA,无担保,,,,shmb,,,110075,110075,1.4470,704029,733029,,N,N,76.060,buy,R,,1.64,N,16948438028.0,10219858722.0,Y,7.13,25719.97,0.28%,00,buy,buy,buy,14:59:44,114.26,20.56%,4.756,-4.71%,-5.07%,137.760,137.760,0.21%,6145.65,Y,0,0,,-,,N,-,buy,-,26-10-14,158.32,8.11,4.37,8.1%,4.9%,"转债占流动市值比：8.1%
转债占总市值比：4.9%",0.00,600029,sh110075,有效期：2022-01-13 到 2022-01-13；质押代码：110075,110075；2021-04-21 开始转股,全价：137.760 最后更新：14:59:44
113011,光大转债,sh601818,光大银行,C,3.55,2021-07-21,2017-09-18,2023-03-17,,,,,n,,0,0,0,0.75,2022-01-13,2022-01-13,0.90,105.000,n,130.000,15,30,0,,X,300.000,241.980,AAA,AAA,无担保,,,,shmb,,,113011,113011,0.7530,764818,783818,4,N,N,,buy,R,,0.39,Y,54031918195.0,41353182695.0,Y,3.41,42665.81,-0.29%,00,buy,buy,buy,15:00:00,96.06,20.56%,1.175,-6.75%,-7.76%,115.810,115.810,-0.12%,25225.51,Y,0,0,,-,,N,-,buy,-,23-03-17,136.37,4.62,-,17.2%,13.1%,"转债占流动市值比：17.2%
转债占总市值比：13.1%",0.00,601818,sh113011,有效期：2022-01-13 到 2022-01-13；质押代码：113011,113011；2017-09-18 开始转股,全价：115.810 最后更新：15:00:00
110081,闻泰转债,sh600745,闻泰科技,C,96.67,,2022-02-03,2027-07-27,2025-07-28,,,100.000,y,56.57,30,30,0,0.00,,,2.36,108.000,n,130.000,15,30,0,,X,86.000,86.000,AA+,AA+,无,,,,shmb,,,未到转股期,110081,6.9070,704745,733745,,N,N,55.670,buy,R,,4.53,N,1246210166.0,936607734.0,Y,119.63,104492.89,0.11%,00,buy,buy,buy,14:59:56,123.75,20.58%,5.540,-5.12%,-5.48%,149.220,149.220,0.40%,30264.57,Y,0,0,,-,,N,-,buy,-,27-07-27,169.80,125.67,67.67,7.7%,5.8%,"转债占流动市值比：7.7%
转债占总市值比：5.8%",0.00,600745,sh110081,有效期：-；质押代码：110081,未到转股期；2022-02-03 开始转股,全价：149.220 最后更新：14:59:56
127036,三花转债,sz002050,三花智控,C,21.55,,2021-12-07,2027-05-31,2025-06-02,,,100.000,y,60.05,30,30,0,0.00,,,0.70,110.000,n,130.000,15,30,0,,X,30.000,29.993,AA+,AA+,无,,,,szmb,,,127036,127036,0.8375,082050,072050,,N,N,74.078,buy,R,,8.40,N,3591251288.0,3540901127.0,Y,25.12,35123.73,2.11%,00,buy,buy,buy,15:14:03,116.57,20.70%,5.384,-3.81%,-4.26%,140.700,140.700,0.47%,2939.08,Y,0,0,,-,,N,-,buy,-,27-05-31,161.40,28.02,15.09,3.4%,3.3%,"转债占流动市值比：3.4%
转债占总市值比：3.3%",0.00,002050,sz127036,有效期：-；质押代码：127036,127036；2021-12-07 开始转股,全价：140.700 最后更新：15:14:03
128137,洁美转债,sz002859,洁美科技,C,27.63,2021-06-03,2021-05-10,2026-11-03,2024-11-04,,,100.000,y,54.56,30,30,0,0.00,,,8.95,112.000,n,130.000,15,30,0,,N,6.000,5.994,AA-,AA-,,,,,szmb,2021年12月28日公告：本次（2021年11月16日至2021年12月27日）不提前赎回，至2022年6月27日均不提前赎回,,128137,128137,1.4645,082859,072859,,N,N,81.230,buy,,,7.00,N,410020847.0,402836495.0,Y,35.45,21550.45,5.19%,00,buy,buy,buy,15:14:03,128.30,21.02%,4.811,-5.83%,-6.39%,155.274,155.274,5.82%,8230.57,Y,0,0,G,-,,N,-,buy,-,26-11-03,176.29,35.92,19.34,4.2%,4.1%,"转债占流动市值比：4.2%
转债占总市值比：4.1%",0.00,002859,sz128137,有效期：-；质押代码：128137,128137；2021-05-10 开始转股,全价：155.274 最后更新：15:14:03
123118,惠城转债,sz300779,惠城环保,C,17.11,,2022-01-13,2027-07-06,2025-07-07,,,100.000,y,67.63,30,30,0,0.00,,,1.65,115.000,n,130.000,15,30,0,,X,3.200,3.200,A+,A+,无,,,,szcy,,,未到转股期,123118,3.2000,380779,370779,,N,N,33.230,-,,,2.49,N,100000000.0,69884304.0,Y,17.71,3421.34,1.96%,00,buy,buy,buy,15:14:03,103.51,21.04%,5.482,-0.54%,-1.21%,125.289,125.289,0.39%,659.57,Y,0,0,,-,,N,-,buy,-,27-07-06,146.33,22.24,11.98,25.9%,18.1%,"转债占流动市值比：25.9%
转债占总市值比：18.1%",0.00,300779,sz123118,有效期：-；质押代码：123118,未到转股期；2022-01-13 开始转股,全价：125.289 最后更新：15:14:03
128029,太阳转债,sz002078,太阳纸业,C,8.45,2021-07-08,2018-06-28,2022-12-22,2020-12-22,,,100.000,y,49.71,30,30,0,0.00,,,1.84,106.000,n,130.000,15,30,0,,N,12.000,9.086,AA+,AA+,无担保,,,,szmb,2022年1月1日公告：本次不提前赎回，至存续期结束前（即2022年12月22日前）均不行使提前赎回权利,,128029,128029,0.4628,082078,072078,,N,N,73.570,buy,R,,1.67,N,2687002843.0,2612712093.0,Y,11.90,31984.70,0.59%,00,buy,buy,buy,15:14:03,140.83,21.04%,0.942,-40.14%,-40.89%,170.455,170.455,1.46%,2824.35,Y,0,0,G,-,,N,-,buy,-,22-12-22,191.50,10.98,5.92,2.9%,2.8%,"转债占流动市值比：2.9%
转债占总市值比：2.8%",0.00,002078,sz128029,有效期：-；质押代码：128029,128029；2018-06-28 开始转股,全价：170.455 最后更新：15:14:03
110053,苏银转债,sh600919,江苏银行,C,6.37,2021-06-18,2019-09-20,2025-03-13,,,,,y,,15,30,0,0.81,2022-01-13,2022-01-13,1.47,111.000,n,130.000,15,30,0,,X,200.000,199.993,AAA,AAA,无担保,,,,shmb,,,110053,110053,1.7320,704919,733919,,N,N,26.970,buy,R,,0.51,N,14769628784.0,14679866951.0,Y,6.58,176117.44,2.17%,00,buy,buy,buy,14:59:55,103.30,21.16%,3.167,-1.82%,-2.81%,125.150,125.150,0.68%,36526.21,Y,0,0,,-,,N,-,buy,-,25-03-13,146.31,8.28,-,20.7%,20.6%,"转债占流动市值比：20.7%
转债占总市值比：20.6%",0.00,600919,sh110053,有效期：2022-01-13 到 2022-01-13；质押代码：110053,110053；2019-09-20 开始转股,全价：125.150 最后更新：14:59:55
127047,帝欧转债,sz002798,帝欧家居,C,13.53,,2022-04-29,2027-10-25,2025-10-27,,,100.000,y,62.39,30,30,0,0.00,,,3.03,115.000,n,130.000,15,30,0,,X,15.000,15.000,AA-,AA-,无担保,,,,szmb,,,未到转股期,127047,3.8770,082798,072798,,N,N,49.880,-,,,1.28,N,386893064.0,222617840.0,Y,15.18,9280.73,0.07%,00,buy,buy,buy,15:14:03,112.20,21.20%,5.786,-2.12%,-2.70%,135.980,135.980,-1.22%,6163.36,Y,0,0,,-,,N,-,buy,-,27-10-25,157.18,17.59,9.47,44.4%,25.5%,"转债占流动市值比：44.4%
转债占总市值比：25.5%",0.00,002798,sz127047,有效期：-；质押代码：127047,未到转股期；2022-04-29 开始转股,全价：135.980 最后更新：15:14:03
113044,大秦转债,sh601006,大秦铁路,C,7.18,2021-07-08,2021-06-18,2026-12-13,2024-12-13,,,100.000,y,76.62,30,30,0,0.73,2022-01-13,2022-01-13,0.65,108.000,n,120.000,15,30,0,,X,320.000,319.992,AAA,AAA,无担保,,,,shmb,,,113044,113044,2.1520,764006,783006,,N,N,72.460,buy,R,,0.79,N,14866908025.0,14866908025.0,Y,6.56,16660.68,-0.30%,00,buy,buy,buy,14:59:54,91.36,21.40%,4.921,0.55%,0.04%,110.920,110.920,0.06%,23073.52,Y,0,0,,-,,N,-,buy,-,26-12-13,132.32,8.62,5.03,32.8%,32.8%,"转债占流动市值比：32.8%
转债占总市值比：32.8%",0.00,601006,sh113044,有效期：2022-01-13 到 2022-01-13；质押代码：113044,113044；2021-06-18 开始转股,全价：110.920 最后更新：14:59:54
128120,联诚转债,sz002921,联诚精密,C,18.44,2021-05-11,2021-01-25,2026-07-16,2024-07-16,,,100.000,y,64.54,30,30,0,0.00,,,68.53,112.000,n,130.000,15,30,0,,X,2.600,2.600,A,A,实际控制人提供股票质押担保和保证担保,,,,szmb,,,128120,128120,3.1862,082921,072921,,N,N,69.810,buy,,,2.39,N,106080816.0,81816321.0,Y,20.00,11278.17,10.01%,00,buy,buy,buy,15:14:03,108.46,21.47%,4.510,-2.49%,-3.15%,131.750,131.750,5.41%,23360.62,Y,0,0,,-,,N,-,buy,-,26-07-16,153.22,23.97,12.91,15.9%,12.3%,"转债占流动市值比：15.9%
转债占总市值比：12.3%",0.00,002921,sz128120,有效期：-；质押代码：128120,128120；2021-01-25 开始转股,全价：131.750 最后更新：15:14:03
113516,苏农转债,sh603323,苏农银行,C,5.37,2021-06-08,2019-02-11,2024-08-01,,,,,n,,15,30,0,0.00,,,2.90,110.000,n,130.000,15,30,0,,X,25.000,12.885,AA+,AA+,无担保,,,,shmb,,,113516,113516,1.7260,753323,754323,,N,N,28.630,buy,R,,0.75,N,1803070253.0,1517793985.0,Y,5.43,23755.16,2.26%,00,buy,buy,buy,14:59:51,101.12,21.48%,2.553,-3.17%,-4.07%,122.840,122.840,0.64%,4574.59,Y,0,0,,-,,N,-,buy,-,24-08-01,144.32,6.98,-,15.6%,13.2%,"转债占流动市值比：15.6%
转债占总市值比：13.2%",0.00,603323,sh113516,有效期：-；质押代码：113516,113516；2019-02-11 开始转股,全价：122.840 最后更新：14:59:51
110058,永鼎转债,sh600105,永鼎股份,C,5.04,2020-07-13,2019-10-22,2025-04-15,2023-04-17,,,100.000,y,66.82,30,30,0,0.00,,,6.37,110.000,n,130.000,15,30,0,,X,9.800,2.611,AA-,AA-,无担保,,,,shmb,,,110058,110058,0.7820,704105,733105,,N,N,49.990,buy,R,,2.61,N,1411054063.0,1380910263.0,Y,5.28,11573.93,0.00%,00,buy,buy,buy,14:59:52,104.76,21.51%,3.258,-3.32%,-4.07%,127.300,127.300,0.50%,2117.11,Y,1,1,,-,,N,-,buy,-,25-04-15,148.81,6.55,3.53,3.6%,3.5%,"转债占流动市值比：3.6%
转债占总市值比：3.5%",0.00,600105,sh110058,有效期：-；质押代码：110058,110058；2019-10-22 开始转股,全价：127.300 最后更新：14:59:52
128066,亚泰转债,sz002811,郑中设计,C,9.27,2021-06-15,2019-10-23,2025-04-17,2023-04-17,,,100.000,y,71.31,30,30,0,0.00,,,1.42,112.000,n,130.000,15,30,0,,X,4.800,4.798,AA-,AA-,"连带责任保证,保证人深圳市亚泰一兆投资有限公司",,,,szmb,,,128066,128066,2.6666,082811,072811,,N,N,77.910,buy,,,1.61,N,270023688.0,239078995.0,Y,9.10,805.81,0.55%,00,buy,buy,buy,15:14:03,98.17,21.66%,3.263,-0.72%,-1.61%,119.427,119.427,0.47%,816.17,Y,1,1,,-,,N,-,buy,-,25-04-17,141.09,12.05,6.49,22.1%,19.5%,"转债占流动市值比：22.1%
转债占总市值比：19.5%",0.00,002811,sz128066,有效期：-；质押代码：128066,128066；2019-10-23 开始转股,全价：119.427 最后更新：15:14:03
127005,长证转债,sz000783,长江证券,C,7.13,2021-07-20,2018-09-17,2024-03-12,,,,,y,,15,30,0,0.85,2022-01-13,2022-01-13,0.46,105.000,n,130.000,15,30,0,,X,50.000,49.965,AAA,AAA,无担保,,,,szmb,,,127005,127005,0.9042,080783,070783,,N,N,50.330,buy,R,,1.37,N,5529950496.0,5529950496.0,Y,7.55,21523.35,-0.26%,00,buy,buy,buy,15:14:03,105.89,21.73%,2.164,-7.88%,-8.51%,128.900,128.900,0.47%,2932.92,Y,0,0,,-,,N,-,buy,-,24-03-12,150.63,9.27,-,12.0%,12.0%,"转债占流动市值比：12.0%
转债占总市值比：12.0%",0.00,000783,sz127005,有效期：2022-01-13 到 2022-01-13；质押代码：127005,127005；2018-09-17 开始转股,全价：128.900 最后更新：15:14:03
123025,精测转债,sz300567,精测电子,C,49.37,2021-05-28,2019-10-08,2025-03-28,2023-03-29,,,100.000,y,56.11,30,30,0,0.00,,,4.72,112.000,n,130.000,15,30,2,,X,3.750,3.087,AA-,AA-,无担保,,,,szcy,,,123025,123025,2.2919,380567,370567,,N,N,62.670,buy,R,,5.21,N,278143947.0,201520612.0,Y,61.59,22589.34,1.85%,00,buy,buy,buy,15:14:03,124.75,21.84%,3.208,-8.11%,-8.91%,152.000,152.000,1.30%,2198.20,Y,0,0,,-,,N,-,buy,-,25-03-28,173.84,64.18,34.56,2.5%,1.8%,"转债占流动市值比：2.5%
转债占总市值比：1.8%",0.00,300567,sz123025,有效期：-；质押代码：123025,123025；2019-10-08 开始转股,全价：152.000 最后更新：15:14:03
127030,盛虹转债,sz000301,东方盛虹,C,14.10,2021-06-18,2021-09-27,2027-03-21,2025-03-21,,,100.000,y,49.47,30,30,0,0.00,,,1.60,108.000,n,130.000,15,30,0,,N,50.000,49.986,AA+,AA+,无,,,,szmb,2021年9月22日公告，截止9月22日触发本次不赎回，至2022年3月26日前均不提前赎回,,127030,127030,1.0341,080301,070301,,N,N,77.630,buy,R,,4.93,N,4834960195.0,1731913227.0,Y,19.95,77372.16,2.57%,00,buy,buy,buy,15:14:03,141.49,21.84%,5.189,-8.01%,-8.39%,172.397,172.397,1.11%,13824.08,Y,0,0,G,-,,N,-,buy,-,27-03-21,194.24,18.33,9.87,14.5%,5.2%,"转债占流动市值比：14.5%
转债占总市值比：5.2%",0.00,000301,sz127030,有效期：-；质押代码：127030,127030；2021-09-27 开始转股,全价：172.397 最后更新：15:14:03
128033,迪龙转债,sz002658,雪迪龙,C,8.56,2021-10-19,2018-07-03,2023-12-27,2021-12-27,,,100.000,y,66.58,30,30,0,0.00,,,10.25,106.000,n,130.000,15,30,0,,X,5.200,2.977,AA,AA,无担保,,,,szmb,,,128033,128033,0.8596,082658,072658,,N,N,70.040,buy,,,2.26,N,630057171.0,332754681.0,Y,9.00,8296.06,0.56%,00,buy,buy,buy,15:14:03,105.14,21.84%,1.956,-8.63%,-9.28%,128.100,128.100,0.16%,3913.68,Y,1,1,,-,,N,-,buy,-,23-12-27,149.94,11.13,5.99,9.9%,5.2%,"转债占流动市值比：9.9%
转债占总市值比：5.2%",0.00,002658,sz128033,有效期：-；质押代码：128033,128033；2018-07-03 开始转股,全价：128.100 最后更新：15:14:03
128073,哈尔转债,sz002615,哈尔斯,C,5.70,2021-12-31,2020-02-28,2024-08-22,2022-08-22,,,100.000,y,68.09,30,30,0,0.00,,,1.94,112.000,n,130.000,15,30,0,,X,3.000,2.987,AA-,AA-,股份质押的担保方式,,,,szmb,,,128073,128073,0.7309,082615,072615,,N,N,27.880,buy,,,2.68,N,414119070.0,230906045.0,Y,5.86,2570.64,0.34%,00,buy,buy,buy,15:14:03,102.81,21.93%,2.611,-3.45%,-4.39%,125.350,125.350,0.41%,721.59,Y,0,0,,-,,N,-,buy,-,24-08-22,147.28,7.41,3.99,22.1%,12.3%,"转债占流动市值比：22.1%
转债占总市值比：12.3%",0.00,002615,sz128073,有效期：-；质押代码：128073,128073；2020-02-28 开始转股,全价：125.350 最后更新：15:14:03
113598,法兰转债,sh603966,法兰泰克,C,9.70,2021-08-03,2021-02-08,2026-07-30,2024-07-30,,,100.000,y,66.05,30,30,0,0.00,,,1.93,115.000,n,130.000,15,30,0,,X,3.300,2.753,AA-,AA-,实际控制人股票质押担保,,,,shmb,,,113598,113598,1.5640,753966,754966,,N,N,83.780,buy,,,2.38,N,300324800.0,300324800.0,Y,10.28,4582.76,3.52%,00,buy,buy,buy,14:59:13,105.98,21.98%,4.548,-1.51%,-2.27%,129.270,129.270,1.27%,688.25,Y,0,0,,-,,N,-,buy,-,26-07-30,151.25,12.61,6.79,8.9%,8.9%,"转债占流动市值比：8.9%
转债占总市值比：8.9%",0.00,603966,sh113598,有效期：-；质押代码：113598,113598；2021-02-08 开始转股,全价：129.270 最后更新：14:59:13
113016,小康转债,sh601127,小康股份,C,16.96,2021-07-05,2018-05-11,2023-11-06,2021-11-06,,,100.000,y,24.15,30,30,0,0.00,,,46.06,106.000,n,130.000,15,30,0,,N,15.000,2.070,AA-,AA-,无担保,,,,shmb,2021年4月2日公告：本次不行使提前赎回权利，不提前赎回；至2022年4月2日均不提前赎回,,113016,113016,1.6490,764127,783127,,N,N,89.391,buy,R,,9.22,N,1359932415.0,1032551463.0,Y,49.16,73197.25,0.68%,00,buy,buy,buy,14:59:59,289.86,22.13%,1.816,-,-,353.990,353.990,0.28%,34023.14,Y,1,1,G,-,,N,-,buy,-,23-11-06,376.12,22.05,11.87,0.4%,0.3%,"转债占流动市值比：0.4%
转债占总市值比：0.3%",0.00,601127,sh113016,有效期：-；质押代码：113016,113016；2018-05-11 开始转股,全价：353.990 最后更新：14:59:59
113588,润达转债,sh603108,润达医疗,C,13.25,2021-07-16,2020-12-23,2026-06-16,2024-06-17,,,100.000,y,65.09,30,30,0,0.00,,,5.27,109.000,n,130.000,15,30,0,,X,5.500,5.499,AA,AA,无担保,,,,shmb,,,113588,113588,0.9490,753108,754108,,N,N,58.090,buy,R,,2.43,N,579538395.0,579538395.0,Y,14.25,17727.20,3.04%,00,buy,buy,buy,14:59:57,107.55,22.28%,4.427,-3.26%,-3.79%,131.510,131.510,0.51%,3788.65,Y,0,0,,-,,N,-,buy,-,26-06-16,153.79,17.23,9.28,6.7%,6.7%,"转债占流动市值比：6.7%
转债占总市值比：6.7%",0.00,603108,sh113588,有效期：-；质押代码：113588,113588；2020-12-23 开始转股,全价：131.510 最后更新：14:59:57
