bond_id,bond_nm,stock_id,stock_nm,btype,convert_price,convert_price_valid_from,convert_dt,maturity_dt,next_put_dt,put_dt,put_notes,put_price,put_inc_cpn_fl,put_convert_price_ratio,put_count_days,put_total_days,put_real_days,repo_discount_rt,repo_valid_from,repo_valid_to,turnover_rt,redeem_price,redeem_inc_cpn_fl,redeem_price_ratio,redeem_count_days,redeem_total_days,redeem_real_days,redeem_dt,redeem_flag,orig_iss_amt,curr_iss_amt,rating_cd,issuer_rating_cd,guarantor,ssc_dt,esc_dt,sc_notes,market_cd,force_redeem,real_force_redeem_price,convert_cd,repo_cd,ration,ration_cd,apply_cd,online_offline_ratio,qflag,qflag2,ration_rt,fund_rt,margin_flg,lt_bps,pb,pb_flag,total_shares,float_shares,sqflg,sprice,svolume,sincrease_rt,qstatus,bond_value,bond_value2,volatility_rate,last_time,convert_value,premium_rt,year_left,ytm_rt,ytm_rt_tax,price,full_price,increase_rt,volume,convert_price_valid,adj_scnt,adj_cnt,redeem_icon,ref_yield_info,adjust_tip,adjusted,option_tip,bond_value3,left_put_year,short_maturity_dt,dblow,force_redeem_price,put_convert_price,convert_amt_ratio,convert_amt_ratio2,convert_amt_ratio_tips,stock_net_value,stock_cd,pre_bond_id,repo_valid,convert_cd_tip,price_tips
118004,博瑞转债,sh688166,博瑞医药,C,35.68,,2022-07-11,2028-01-03,2026-01-05,,,100.000,y,65.25,30,30,0,0.00,,,,115.000,n,130.000,15,30,0,,X,4.650,4.650,AA-,AA-,无,,,,shkc,,,未到转股期,118004,1.1340,726166,718166,,N,N,55.740,-,R,,9.91,N,410000000.0,210912771.0,Y,38.28,16171.18,20.00%,00,buy,buy,buy,,107.29,-6.79%,5.953,3.32%,2.69%,100.000,100.000,0.00%,0.00,Y,0,0,,-,,N,-,buy,-,28-01-03,93.21,46.38,24.98,5.8%,3.0%,"转债占流动市值比：5.8%
转债占总市值比：3.0%",0.00,688166,sh118004,有效期：-；质押代码：118004,未到转股期；2022-07-11 开始转股,待上市
127052,杭锅转债,sz002534,杭锅股份,C,28.08,,2022-06-30,2027-12-23,2025-12-23,,,100.000,y,66.83,30,30,0,0.00,,,,110.000,n,130.000,15,30,0,,X,11.100,11.100,AA,AA,无,,,,szmb,,,未到转股期,127052,1.5445,082534,072534,,N,N,72.180,-,,,6.29,N,739201050.0,725645705.0,Y,29.41,3787.17,-0.31%,00,buy,buy,buy,,104.74,-4.53%,5.923,2.44%,1.97%,100.000,100.000,0.00%,0.00,Y,0,0,,-,,N,-,buy,-,27-12-23,95.47,36.50,19.66,5.2%,5.1%,"转债占流动市值比：5.2%
转债占总市值比：5.1%",0.00,002534,sz127052,有效期：-；质押代码：127052,未到转股期；2022-06-30 开始转股,待上市
127011,中鼎转2,sz000887,中鼎股份,C,11.39,2021-06-07,2019-09-16,2025-03-08,2023-03-08,,,100.000,y,34.91,30,30,0,0.00,,,10.90,110.000,n,130.000,15,30,13,,X,12.000,11.711,AA+,AA+,无担保,,,,szmb,,,127011,127011,0.9829,080887,070887,,N,N,63.530,buy,R,,2.94,N,1211364474.0,1208772051.0,Y,22.84,44147.29,-0.17%,00,buy,buy,buy,13:37:42,200.53,-0.66%,3.129,-16.50%,-17.14%,199.213,199.213,-1.13%,25500.33,Y,0,0,,-,,N,-,buy,-,25-03-08,198.55,14.81,7.97,4.2%,4.2%,"转债占流动市值比：4.2%
转债占总市值比：4.2%",0.00,000887,sz127011,有效期：-；质押代码：127011,127011；2019-09-16 开始转股,全价：199.213 最后更新：13:37:42
113017,吉视转债,sh601929,吉视传媒,C,2.23,2021-12-08,2018-07-03,2023-12-27,2021-12-27,,,100.000,y,42.08,30,30,0,0.00,,,198.48,106.000,n,130.000,15,30,2,,X,15.600,14.595,AA+,AA+,无担保,,,,shmb,,,113017,113017,0.5010,764929,783929,,N,N,3.800,buy,R,,1.65,N,3111176649.0,3111176649.0,Y,3.71,116891.65,10.09%,00,buy,buy,buy,13:37:43,166.37,-0.66%,1.932,-20.07%,-20.63%,165.270,165.270,5.76%,473487.61,Y,1,1,,-,,N,-,buy,-,23-12-27,164.61,2.90,1.56,12.6%,12.6%,"转债占流动市值比：12.6%
转债占总市值比：12.6%",0.00,601929,sh113017,有效期：-；质押代码：113017,113017；2018-07-03 开始转股,全价：165.270 最后更新：13:37:43
128050,钧达转债,sz002865,钧达股份,C,14.81,2021-11-26,2019-06-14,2024-12-10,2022-12-10,,,100.000,y,17.87,30,30,0,0.00,,,302.59,118.000,n,130.000,15,30,30,2022-01-27,Y,3.200,0.287,AA-,AA-,中汽塑料,,,,szmb,"最后交易日：2022年1月27日
最后转股日：2022年1月27日
赎回价：100.21元/张",100.210,128050,128050,2.6298,082865,072865,,N,N,17.350,buy,,,7.62,N,137291465.0,133915115.0,Y,58.00,9916.89,0.47%,00,buy,buy,buy,13:37:42,391.63,-0.59%,2.888,-33.47%,-,389.321,389.321,0.51%,34322.05,Y,1,1,R,-,,N,-,buy,-,24-12-10,388.73,19.25,10.37,0.4%,0.4%,"转债占流动市值比：0.4%
转债占总市值比：0.4%",0.00,002865,sz128050,有效期：-；质押代码：128050,128050；2019-06-14 开始转股,全价：389.321 最后更新：13:37:42
113591,胜达转债,sh603687,大胜达,C,8.76,2021-06-11,2021-01-08,2026-06-30,2024-07-01,,,100.000,y,49.85,30,30,0,0.00,,,19.58,116.000,n,130.000,15,30,12,,X,5.500,4.899,AA-,AA-,股票质押担保,,,,shmb,,,113591,113591,1.3300,753687,754687,,N,N,69.650,buy,,,2.79,N,414413879.0,145371179.0,Y,12.30,5533.76,-1.91%,00,buy,buy,buy,13:37:40,140.41,-0.57%,4.441,-3.11%,-3.90%,139.610,139.610,-1.38%,13455.21,Y,2,2,,-,,N,-,buy,-,26-06-30,139.04,11.39,6.13,27.4%,9.6%,"转债占流动市值比：27.4%
转债占总市值比：9.6%",0.00,603687,sh113591,有效期：-；质押代码：113591,113591；2021-01-08 开始转股,全价：139.610 最后更新：13:37:40
113026,核能转债,sh601985,中国核电,C,5.73,2021-07-16,2019-10-21,2025-04-14,2023-04-17,,,100.000,y,54.20,30,30,0,0.83,2022-01-21,2022-01-21,5.75,105.000,n,130.000,15,30,15,,Y,78.000,60.271,AAA,AAA,无担保,,,,shmb,,,113026,113026,0.5010,764985,783985,,N,N,79.230,buy,R,,1.74,N,17522710852.0,17074949659.0,Y,7.40,76222.53,-0.13%,00,buy,buy,buy,13:37:37,129.14,-0.42%,3.230,-5.01%,-5.50%,128.600,128.600,-0.33%,44865.13,Y,0,0,O,-,,N,-,buy,-,25-04-14,128.18,7.45,4.01,4.8%,4.6%,"转债占流动市值比：4.8%
转债占总市值比：4.6%",0.00,601985,sh113026,有效期：2022-01-21 到 2022-01-21；质押代码：113026,113026；2019-10-21 开始转股,全价：128.600 最后更新：13:37:37
128094,星帅转债,sz002860,星帅尔,C,13.80,2021-06-08,2020-07-22,2026-01-16,2024-01-16,,,100.000,y,43.57,30,30,0,0.00,,,43.87,115.000,n,130.000,15,30,13,,X,2.800,2.089,A+,A+,股份质押和保证,,,,szmb,,,128094,128094,2.3897,082860,072860,,N,N,75.030,buy,,,3.76,N,204206647.0,147145649.0,Y,22.17,7738.86,2.69%,00,buy,buy,buy,13:37:42,160.65,-0.03%,3.989,-7.11%,-7.90%,160.601,160.601,1.53%,14762.44,Y,0,0,,-,,N,-,buy,-,26-01-16,160.57,17.94,9.66,6.4%,4.6%,"转债占流动市值比：6.4%
转债占总市值比：4.6%",0.00,002860,sz128094,有效期：-；质押代码：128094,128094；2020-07-22 开始转股,全价：160.601 最后更新：13:37:42
123111,东财转3,sz300059,东方财富,C,23.35,2021-05-27,2021-10-13,2027-04-06,2025-04-07,,,100.000,y,49.23,30,30,0,0.00,,,3.38,107.000,n,130.000,15,30,13,,X,158.000,150.377,AA+,AA+,无,,,,szcy,,,123111,123111,1.8344,380059,370059,,N,N,71.340,buy,R,,8.39,N,10366327855.0,8592810347.0,Y,33.20,267198.14,-1.57%,00,buy,buy,buy,13:37:42,142.18,0.24%,5.208,-4.82%,-5.17%,142.526,142.526,-1.57%,72549.23,Y,0,0,,-,,N,-,buy,-,27-04-06,142.77,30.36,16.34,5.3%,4.4%,"转债占流动市值比：5.3%
转债占总市值比：4.4%",0.00,300059,sz123111,有效期：-；质押代码：123111,123111；2021-10-13 开始转股,全价：142.526 最后更新：13:37:42
128106,华统转债,sz002840,华统股份,C,9.37,2021-06-30,2020-10-16,2026-04-09,2024-04-09,,,100.000,y,36.14,30,30,0,0.00,,,32.97,108.000,n,130.000,15,30,0,,N,5.500,4.055,AA,AA,连带责任保证,,,,szmb,2021年12月25日公告：本次（2021年12月6日至2021年12月24日）不提前赎回，至2022年6月26日均不提前赎回,,128106,128106,1.9826,082840,072840,,N,N,67.140,buy,,,4.76,N,456240764.0,444778364.0,Y,18.15,8891.85,-0.27%,00,buy,buy,buy,13:37:42,193.70,0.75%,4.216,-12.39%,-12.83%,195.154,195.154,-1.94%,26175.88,Y,0,0,G,-,,N,-,buy,-,26-04-09,195.90,12.18,6.56,5.0%,4.9%,"转债占流动市值比：5.0%
转债占总市值比：4.9%",0.00,002840,sz128106,有效期：-；质押代码：128106,128106；2020-10-16 开始转股,全价：195.154 最后更新：13:37:42
127007,湖广转债,sz000665,湖北广电,C,5.58,2020-07-17,2019-01-04,2024-06-28,2022-06-28,,,100.000,y,32.20,30,30,0,0.00,,,810.19,108.000,n,130.000,15,30,12,,X,17.336,4.245,AA+,AA+,无担保,,,,szmb,,,127007,127007,2.7248,080665,070665,,N,N,16.550,buy,R,,2.06,N,1014363870.0,1014306085.0,Y,12.13,304952.91,-1.46%,00,buy,buy,buy,13:37:42,217.38,0.48%,2.436,-24.48%,-25.06%,218.418,218.418,3.52%,755766.29,Y,1,1,,-,,N,-,buy,-,24-06-28,218.90,7.25,3.91,3.5%,3.5%,"转债占流动市值比：3.5%
转债占总市值比：3.5%",0.00,000665,sz127007,有效期：-；质押代码：127007,127007；2019-01-04 开始转股,全价：218.418 最后更新：13:37:42
113541,荣晟转债,sh603165,荣晟环保,C,10.84,2021-05-17,2020-02-03,2025-07-22,2023-07-24,,,100.000,y,44.53,30,30,0,0.00,,,8.33,110.000,n,130.000,15,30,0,,N,3.300,1.628,AA-,AA-,股份质押和保证,,,,shmb,2021年11月22日公告：本次（2021年10月12日至2021年11月22日）不行使提前赎回权利，至2022年5月22日均不提前赎回,,113541,113541,1.8600,753165,754165,,N,N,24.502,buy,,,2.54,N,263201890.0,263201890.0,Y,17.04,1711.51,0.53%,00,buy,buy,buy,13:37:38,157.20,2.14%,3.501,-9.41%,-10.04%,160.570,160.570,-0.76%,2187.63,Y,1,1,G,-,,N,-,buy,-,25-07-22,162.71,14.09,7.59,3.6%,3.6%,"转债占流动市值比：3.6%
转债占总市值比：3.6%",0.00,603165,sh113541,有效期：-；质押代码：113541,113541；2020-02-03 开始转股,全价：160.570 最后更新：13:37:38
128085,鸿达转债,sz002002,鸿达兴业,C,3.91,2021-06-22,2020-06-22,2025-12-16,2023-12-18,,,100.000,y,50.97,30,30,0,0.00,,,9.34,118.000,n,130.000,15,30,0,,N,24.270,3.391,B,B,无担保,,,,szmb,2021年12月11日公告：本次不提前赎回鸿达转债，至2022年12月8日前均不提前赎回,,128085,128085,0.9374,082002,072002,,N,N,26.280,buy,R,,1.60,N,3120485457.0,3116603421.0,Y,5.37,17266.37,0.00%,00,buy,buy,buy,13:37:42,137.34,2.05%,3.904,-3.19%,-4.16%,140.160,140.160,-0.16%,4444.81,Y,0,0,G,-,,N,-,buy,-,25-12-16,142.21,5.08,2.74,2.0%,2.0%,"转债占流动市值比：2.0%
转债占总市值比：2.0%",0.00,002002,sz128085,有效期：-；质押代码：128085,128085；2020-06-22 开始转股,全价：140.160 最后更新：13:37:42
123043,正元转债,sz300645,正元智慧,C,15.38,2021-06-09,2020-09-11,2026-03-04,2024-03-04,,,100.000,y,45.25,30,30,0,0.00,,,108.51,115.000,n,130.000,15,30,19,2022-02-17,Y,1.750,1.643,A+,A+,无担保,,,,szcy,"最后交易日：2022年2月17日
最后转股日：2022年2月17日
赎回价：100.67元/张",100.670,123043,123043,1.3815,380645,370645,,N,N,48.790,buy,,,4.35,N,127716673.0,127716673.0,Y,23.79,13517.67,0.81%,00,buy,buy,buy,13:37:42,154.68,2.35%,4.118,-6.48%,-7.26%,158.320,158.320,-0.19%,28474.83,Y,0,0,R,-,,N,-,buy,-,26-03-04,160.67,19.99,10.77,5.4%,5.4%,"转债占流动市值比：5.4%
转债占总市值比：5.4%",0.00,300645,sz123043,有效期：-；质押代码：123043,123043；2020-09-11 开始转股,全价：158.320 最后更新：13:37:42
113626,伯特转债,sh603596,伯特利,C,36.01,2021-10-28,2022-01-05,2027-06-28,2025-06-27,,,100.000,y,33.52,30,30,0,0.00,,,14.52,116.000,n,130.000,15,30,12,,X,9.020,9.016,AA,AA,无,,,,shmb,,,113626,113626,2.2130,753596,754596,,N,N,70.636,buy,,,9.24,N,408446000.0,406626000.0,Y,75.19,50738.92,-7.06%,00,buy,buy,buy,13:37:40,208.80,2.54%,5.436,-10.10%,-10.66%,214.110,214.110,-6.09%,28522.79,Y,0,0,,-,,N,-,buy,-,27-06-28,216.65,46.81,25.21,2.9%,2.9%,"转债占流动市值比：2.9%
转债占总市值比：2.9%",0.00,603596,sh113626,有效期：-；质押代码：113626,113626；2022-01-05 开始转股,全价：214.110 最后更新：13:37:40
128096,奥瑞转债,sz002701,奥瑞金,C,4.50,2021-06-09,2020-08-17,2026-02-11,2024-02-12,,,100.000,y,48.54,30,30,0,0.00,,,6.03,110.000,n,130.000,15,30,13,,X,10.870,5.663,AA+,AA+,无担保,,,,szmb,,,128096,128096,0.4614,082701,072701,,N,N,58.210,buy,R,,2.16,N,2447652008.0,2445438132.0,Y,6.49,7060.08,-0.61%,00,buy,buy,buy,13:37:42,144.22,2.79%,4.060,-6.10%,-6.71%,148.250,148.250,-0.84%,5062.48,Y,0,0,,-,,N,-,buy,-,26-02-11,151.04,5.85,3.15,3.6%,3.6%,"转债占流动市值比：3.6%
转债占总市值比：3.6%",0.00,002701,sz128096,有效期：-；质押代码：128096,128096；2020-08-17 开始转股,全价：148.250 最后更新：13:37:42
123073,同和转债,sz300636,同和药业,C,14.82,2021-05-18,2021-05-06,2026-10-25,2024-10-26,,,100.000,y,47.22,30,30,0,0.00,,,13.88,116.000,n,130.000,20,30,6,,X,3.600,3.581,A+,A+,无担保,,,,szcy,,,123073,123073,2.7989,380636,370636,,N,N,70.695,buy,,,5.18,N,205906321.0,169027590.0,Y,21.97,3225.47,-1.79%,00,buy,buy,buy,13:37:42,148.25,2.95%,4.762,-4.70%,-5.43%,152.627,152.627,-3.09%,7681.01,Y,1,1,,-,,N,-,buy,-,26-10-25,155.58,19.27,10.37,9.6%,7.9%,"转债占流动市值比：9.6%
转债占总市值比：7.9%",0.00,300636,sz123073,有效期：-；质押代码：123073,123073；2021-05-06 开始转股,全价：152.627 最后更新：13:37:42
128103,同德转债,sz002360,同德化工,C,5.08,2021-05-25,2020-10-09,2026-03-25,2024-03-25,,,100.000,y,39.82,30,30,0,0.00,,,19.90,115.000,n,130.000,15,30,13,,X,1.440,0.884,A+,A+,土地、固定资产等抵押方式,,,,szmb,,,128103,128103,0.3859,082360,072360,,N,N,31.100,buy,,,2.66,N,402376378.0,312278270.0,Y,8.93,2474.15,0.45%,00,buy,buy,buy,13:37:42,175.79,3.13%,4.175,-9.37%,-10.12%,181.299,181.299,-0.28%,3191.61,Y,0,0,,-,,N,-,buy,-,26-03-25,184.43,6.60,3.56,3.2%,2.5%,"转债占流动市值比：3.2%
转债占总市值比：2.5%",0.00,002360,sz128103,有效期：-；质押代码：128103,128103；2020-10-09 开始转股,全价：181.299 最后更新：13:37:42
127053,豪美转债,sz002988,豪美新材,C,21.51,,2022-07-28,2028-01-24,2026-01-23,,,100.000,y,72.29,30,30,0,0.00,,,,118.000,n,130.000,15,30,0,,X,8.240,8.240,AA-,AA-,无,,,,szmb,,,未到转股期,127053,3.5399,082988,072988,,N,N,,-,,,2.21,N,232770000.0,84219359.0,Y,20.83,6150.34,-1.19%,00,buy,buy,buy,,96.84,3.26%,6.000,3.72%,3.02%,100.000,100.000,0.00%,0.00,Y,0,0,,-,,N,-,buy,-,28-01-24,103.26,27.96,15.06,47.0%,17.0%,"转债占流动市值比：47.0%
转债占总市值比：17.0%",0.00,002988,sz127053,有效期：-；质押代码：127053,未到转股期；2022-07-28 开始转股,待上市
113548,石英转债,sh603688,石英股份,C,14.93,2021-05-28,2020-05-06,2025-10-27,2023-10-27,,,100.000,y,19.84,30,30,0,0.00,,,19.60,118.000,n,130.000,15,30,13,,X,3.600,1.202,AA-,AA-,股份质押和保证,,,,shmb,,,113548,113548,1.0780,753688,754688,,N,N,43.700,buy,R,,8.98,N,353147440.0,353147440.0,Y,52.68,13128.78,-1.72%,00,buy,buy,buy,13:37:40,352.85,3.30%,3.767,-25.30%,-26.02%,364.500,364.500,-3.37%,8876.58,Y,0,0,,-,,N,-,buy,-,25-10-27,367.80,19.41,10.45,0.6%,0.6%,"转债占流动市值比：0.6%
转债占总市值比：0.6%",0.00,603688,sh113548,有效期：-；质押代码：113548,113548；2020-05-06 开始转股,全价：364.500 最后更新：13:37:40
123092,天壕转债,sz300332,天壕环境,C,5.19,2021-07-12,2021-06-30,2026-12-23,2024-12-23,,,100.000,y,35.83,30,30,0,0.00,,,8.83,115.000,n,130.000,15,30,13,,X,4.230,4.167,A+,A+,无,,,,szcy,,,123092,123092,0.4805,380332,370332,,N,N,55.430,buy,,,2.57,N,881408921.0,841982571.0,Y,10.14,7164.92,-0.39%,00,buy,buy,buy,13:37:42,195.38,3.41%,4.923,-10.05%,-10.67%,202.042,202.042,-1.30%,7473.28,Y,0,0,,-,,N,-,buy,-,26-12-23,205.45,6.75,3.63,4.9%,4.7%,"转债占流动市值比：4.9%
转债占总市值比：4.7%",0.00,300332,sz123092,有效期：-；质押代码：123092,123092；2021-06-30 开始转股,全价：202.042 最后更新：13:37:42
128046,利尔转债,sz002258,利尔化学,C,18.42,2021-04-13,2019-04-23,2024-10-17,2022-10-17,,,100.000,y,43.04,30,30,0,0.00,,,5.07,108.000,n,130.000,20,30,13,,X,8.520,8.076,AA,AA,无担保,,,,szmb,,,128046,128046,1.6247,082258,072258,,N,N,43.380,buy,R,,3.50,N,526773275.0,524181885.0,Y,29.96,23833.31,-4.01%,00,buy,buy,buy,13:37:42,162.65,3.44%,2.740,-14.18%,-14.79%,168.245,168.245,-2.86%,7006.88,Y,0,0,,-,,N,-,buy,-,24-10-17,171.69,23.95,12.89,5.1%,5.1%,"转债占流动市值比：5.1%
转债占总市值比：5.1%",0.00,002258,sz128046,有效期：-；质押代码：128046,128046；2019-04-23 开始转股,全价：168.245 最后更新：13:37:42
128128,齐翔转2,sz002408,齐翔腾达,C,5.69,2021-09-29,2021-02-26,2026-08-19,2024-08-19,,,100.000,y,41.45,30,30,0,0.00,,,2.58,110.000,n,130.000,15,30,13,,X,29.900,6.806,AA,AA,无担保,,,,szmb,,,128128,128128,1.7102,082408,072408,,N,N,76.460,buy,R,,2.19,N,2842637146.0,2771179688.0,Y,9.61,16068.96,-1.54%,00,buy,buy,buy,13:37:39,168.89,3.45%,4.578,-8.88%,-9.38%,174.716,174.716,-2.03%,3098.14,Y,0,0,,-,,N,-,buy,-,26-08-19,178.17,7.40,3.98,2.6%,2.5%,"转债占流动市值比：2.6%
转债占总市值比：2.5%",0.00,002408,sz128128,有效期：-；质押代码：128128,128128；2021-02-26 开始转股,全价：174.716 最后更新：13:37:39
123083,朗新转债,sz300682,朗新科技,C,15.39,2021-12-23,2021-06-15,2026-12-08,2024-12-09,,,100.000,y,28.97,30,30,0,0.00,,,21.18,110.000,n,130.000,15,30,3,,X,8.000,6.010,AA,AA,无担保,,,,szcy,,,123083,123083,0.7833,380682,370682,,N,N,77.260,buy,,,7.01,N,1045521166.0,737572050.0,Y,37.19,14358.96,1.97%,00,buy,buy,buy,13:37:42,241.65,3.64%,4.882,-14.97%,-15.39%,250.455,250.455,2.37%,31687.02,Y,0,0,,-,,N,-,buy,-,26-12-08,254.09,20.01,10.77,2.2%,1.5%,"转债占流动市值比：2.2%
转债占总市值比：1.5%",0.00,300682,sz123083,有效期：-；质押代码：123083,123083；2021-06-15 开始转股,全价：250.455 最后更新：13:37:42
123012,万顺转债,sz300057,万顺新材,C,5.27,2021-05-17,2019-01-26,2024-07-20,2022-07-20,,,100.000,y,41.50,30,30,0,0.00,,,41.85,106.000,n,130.000,15,30,13,,X,9.500,1.225,AA-,AA-,无担保,,,,szcy,,,123012,123012,2.1607,380057,370057,,N,N,2.190,buy,,,1.69,N,683644894.0,507430086.0,Y,8.89,4603.10,2.07%,00,buy,buy,buy,13:37:42,168.69,3.81%,2.496,-17.45%,-17.98%,175.110,175.110,2.06%,8920.27,Y,0,0,,-,,N,-,buy,-,24-07-20,178.92,6.85,3.69,2.7%,2.0%,"转债占流动市值比：2.7%
转债占总市值比：2.0%",0.00,300057,sz123012,有效期：-；质押代码：123012,123012；2019-01-26 开始转股,全价：175.110 最后更新：13:37:42
113585,寿仙转债,sh603896,寿仙谷,C,28.38,2021-06-30,2020-12-15,2026-06-08,2024-06-10,,,100.000,y,38.24,30,30,0,0.00,,,30.51,112.000,n,130.000,15,30,0,,N,3.600,1.008,AA-,AA-,连带责任保证,,,,shmb,2021年9月1日公告：本次（2021年8月11日至2021年8月31日）不行使提前赎回权利，至2022年2月28日均不提前赎回,,113585,113585,2.5080,753896,754896,,N,N,82.309,buy,,,5.27,N,152498417.0,152498417.0,Y,51.95,7118.58,-0.67%,00,buy,buy,buy,13:37:30,183.05,3.74%,4.381,-10.60%,-11.19%,189.900,189.900,-1.33%,5870.80,Y,0,0,G,-,,N,-,buy,-,26-06-08,193.64,36.89,19.87,1.3%,1.3%,"转债占流动市值比：1.3%
转债占总市值比：1.3%",0.00,603896,sh113585,有效期：-；质押代码：113585,113585；2020-12-15 开始转股,全价：189.900 最后更新：13:37:30
123024,岱勒转债,sz300700,岱勒新材,C,14.10,2021-06-01,2019-09-27,2024-03-21,2022-03-21,,,100.000,y,47.27,30,30,0,0.00,,,251.91,110.000,n,130.000,15,30,4,,X,2.100,2.097,A+,A+,无担保,,,,szcy,,,123024,123024,2.5485,380700,370700,,N,N,55.940,buy,,,4.33,N,107137593.0,74276829.0,Y,20.88,19846.12,2.45%,00,buy,buy,buy,13:37:42,148.09,3.89%,2.164,-13.63%,-14.50%,153.845,153.845,-3.85%,82100.59,Y,1,1,,-,,N,-,buy,-,24-03-21,157.73,18.33,9.87,13.5%,9.4%,"转债占流动市值比：13.5%
转债占总市值比：9.4%",0.00,300700,sz123024,有效期：-；质押代码：123024,123024；2019-09-27 开始转股,全价：153.845 最后更新：13:37:42
132018,G三峡EB1,sh600900,长江电力,E,16.74,2021-07-16,2020-04-13,2024-04-09,2023-04-10,,,100.000,y,50.93,30,30,0,0.93,2022-01-21,2022-01-21,0.11,108.000,y,120.000,15,30,28,,X,200.000,160.494,AAA,AAA,长江电力A股股票及其孳息,,,,shmb,,,132018,132018,,,759001,,N,N,100.000,buy,R,,2.98,N,22741859230.0,22741859230.0,Y,23.01,52046.44,-0.30%,00,buy,buy,buy,13:37:40,137.46,3.96%,2.216,-11.38%,-12.07%,142.510,142.905,-0.61%,2512.40,Y,0,0,B,-,,N,-,buy,-,24-04-09,146.47,20.09,11.72,3.1%,3.1%,"转债占流动市值比：3.1%
转债占总市值比：3.1%",0.00,600900,sh132018,有效期：2022-01-21 到 2022-01-21；质押代码：132018,132018；2020-04-13 开始转股,全价：142.905 最后更新：13:37:40
128013,洪涛转债,sz002325,洪涛股份,C,2.31,2021-12-13,2017-02-06,2022-07-29,2020-07-29,,,100.000,y,60.34,30,30,0,0.00,,,2.32,108.000,n,130.000,15,30,0,,X,12.000,10.607,A-,A-,无担保,,,,szmb,,,128013,128013,0.9980,082325,072325,10,N,N,,buy,R,,1.22,N,1325359461.0,1003074122.0,Y,2.68,1851.39,-1.47%,00,buy,buy,buy,13:37:42,116.02,4.42%,0.518,-20.94%,-23.49%,121.143,121.143,-0.86%,3000.24,Y,3,3,,-,,N,-,buy,-,22-07-29,125.56,3.00,1.62,39.5%,29.9%,"转债占流动市值比：39.5%
转债占总市值比：29.9%",0.00,002325,sz128013,有效期：-；质押代码：128013,128013；2017-02-06 开始转股,全价：121.143 最后更新：13:37:42
128113,比音转债,sz002832,比音勒芬,C,14.60,2021-07-07,2020-12-21,2026-06-14,2024-06-14,,,100.000,y,42.51,30,30,0,0.00,,,2.80,112.000,n,130.000,15,30,13,,X,6.890,2.979,AA,AA,无担保,,,,szmb,,,128113,128113,1.3147,082832,072832,,N,N,85.110,buy,,,4.42,N,550326712.0,369037012.0,Y,24.04,3760.22,-1.60%,00,buy,buy,buy,13:37:42,164.66,4.63%,4.397,-8.59%,-9.18%,172.289,172.289,0.83%,1435.79,Y,0,0,,-,,N,-,buy,-,26-06-14,176.92,18.98,10.22,3.4%,2.3%,"转债占流动市值比：3.4%
转债占总市值比：2.3%",0.00,002832,sz128113,有效期：-；质押代码：128113,128113；2020-12-21 开始转股,全价：172.289 最后更新：13:37:42
123085,万顺转2,sz300057,万顺新材,C,6.20,2021-05-17,2021-06-17,2026-12-10,2024-12-10,,,100.000,y,48.82,30,30,0,0.00,,,6.64,108.000,n,130.000,15,30,13,,X,9.000,8.512,AA-,AA-,无担保,,,,szcy,,,123085,123085,1.3341,380057,370057,,N,N,66.940,buy,,,1.69,N,683644894.0,507430086.0,Y,8.89,4603.10,2.07%,00,buy,buy,buy,13:37:42,143.39,4.84%,4.888,-5.79%,-6.22%,150.330,150.330,2.03%,8421.20,Y,0,0,,-,,N,-,buy,-,26-12-10,155.17,8.06,4.34,18.9%,14.0%,"转债占流动市值比：18.9%
转债占总市值比：14.0%",0.00,300057,sz123085,有效期：-；质押代码：123085,123085；2021-06-17 开始转股,全价：150.330 最后更新：13:37:42
123086,海兰转债,sz300065,海兰信,C,7.27,2021-07-15,2021-06-17,2026-12-10,2024-12-10,,,100.000,y,38.47,30,30,0,0.00,,,31.21,118.000,n,130.000,15,30,13,,X,7.300,4.817,AA-,AA-,无担保,,,,szcy,,,123086,123086,1.8358,380065,370065,,N,N,59.780,buy,R,,4.75,N,629856814.0,561691887.0,Y,13.23,35459.56,-2.22%,00,buy,buy,buy,13:37:42,181.98,4.96%,4.888,-8.72%,-9.42%,191.000,191.000,-3.58%,29081.16,Y,1,1,,-,,N,-,buy,-,26-12-10,195.96,9.45,5.09,6.5%,5.8%,"转债占流动市值比：6.5%
转债占总市值比：5.8%",0.00,300065,sz123086,有效期：-；质押代码：123086,123086；2021-06-17 开始转股,全价：191.000 最后更新：13:37:42
123089,九洲转2,sz300040,九洲集团,C,5.68,2021-07-14,2021-06-25,2026-12-20,2024-12-20,,,100.000,y,44.37,30,30,0,0.00,,,10.24,115.000,n,130.000,15,30,0,,N,5.000,3.063,AA-,AA-,无担保,,,,szcy,2021年10月26日公告：本次（截至2021年10月26日）不行使九洲转2的提前赎回权利，至2022年1月29日均不提前赎回,,123089,123089,1.3144,380040,370040,,N,N,61.460,buy,,,1.99,N,587645532.0,455302906.0,Y,8.96,5905.78,-0.88%,00,buy,buy,buy,13:37:39,157.75,5.03%,4.915,-6.36%,-7.01%,165.683,165.683,-0.60%,5211.17,Y,0,0,G,-,,N,-,buy,-,26-12-20,170.71,7.38,3.98,7.5%,5.8%,"转债占流动市值比：7.5%
转债占总市值比：5.8%",0.00,300040,sz123089,有效期：-；质押代码：123089,123089；2021-06-25 开始转股,全价：165.683 最后更新：13:37:39
128081,海亮转债,sz002203,海亮股份,C,9.69,2021-06-23,2020-05-27,2025-11-21,2023-11-21,,,100.000,y,54.92,30,30,0,0.00,,,0.43,110.000,n,130.000,15,30,1,,X,31.500,30.055,AA,AA,无担保,,,,szmb,,,128081,128081,1.6136,082203,072203,,N,N,64.450,buy,R,,2.29,N,1966736307.0,1923941740.0,Y,12.35,9555.87,1.31%,00,buy,buy,buy,13:37:42,127.45,5.59%,3.836,-4.24%,-4.87%,134.579,134.579,0.12%,1713.20,Y,0,0,,-,,N,-,buy,-,25-11-21,140.17,12.60,6.78,12.6%,12.4%,"转债占流动市值比：12.6%
转债占总市值比：12.4%",0.00,002203,sz128081,有效期：-；质押代码：128081,128081；2020-05-27 开始转股,全价：134.579 最后更新：13:37:42
113549,白电转债,sh603861,白云电器,C,9.06,2021-11-16,2020-05-21,2025-11-14,2023-11-14,,,100.000,y,54.72,30,30,0,0.00,,,16.89,110.000,n,130.000,15,30,13,,X,8.800,8.048,AA,AA,无担保,,,,shmb,,,113549,113549,1.9470,753861,753861,,N,N,62.480,buy,,,1.87,N,435960858.0,421289381.0,Y,11.59,4638.68,1.76%,00,buy,buy,buy,13:37:40,127.92,5.48%,3.816,-4.33%,-4.96%,134.930,134.930,1.85%,18233.76,Y,0,0,,-,,N,-,buy,-,25-11-14,140.41,11.78,6.34,16.5%,15.9%,"转债占流动市值比：16.5%
转债占总市值比：15.9%",0.00,603861,sh113549,有效期：-；质押代码：113549,113549；2020-05-21 开始转股,全价：134.930 最后更新：13:37:40
113639,华正转债,sh603186,华正新材,C,39.09,,2022-07-28,2028-01-24,2026-01-23,,,100.000,y,74.32,30,30,0,0.00,,,,108.000,n,130.000,15,30,0,,X,5.700,5.700,AA-,AA-,东华立集团股份提供不可撤销的保证担保,,,,shmb,,,未到转股期,113639,4.0130,753186,754186,,N,N,,-,,,3.20,N,142025312.0,141713512.0,Y,36.82,8549.06,-1.18%,00,buy,buy,buy,,94.19,6.17%,6.000,2.01%,1.62%,100.000,100.000,0.00%,0.00,Y,0,0,,-,,N,-,buy,-,28-01-24,106.17,50.82,27.36,10.9%,10.9%,"转债占流动市值比：10.9%
转债占总市值比：10.9%",0.00,603186,sh113639,有效期：-；质押代码：113639,未到转股期；2022-07-28 开始转股,待上市
123052,飞鹿转债,sz300665,飞鹿股份,C,7.05,2021-06-03,2020-12-11,2026-06-04,2024-06-04,,,100.000,y,49.45,30,30,0,0.00,,,14.43,120.000,n,130.000,15,30,0,,N,1.770,1.504,A+,A+,无担保,,,,szcy,2021年8月24日公告：本次（2021年8月4日至2021年8月24日）不提前赎回，至2022年2月24日均不提前赎回,,123052,123052,1.4612,380665,370665,,N,N,75.366,buy,,,3.17,N,173398120.0,132959648.0,Y,9.98,2106.66,1.84%,00,buy,buy,buy,13:37:36,141.56,6.53%,4.370,-3.98%,-4.93%,150.800,150.800,0.50%,3259.55,Y,0,0,G,-,,N,-,buy,-,26-06-04,157.33,9.16,4.93,11.3%,8.7%,"转债占流动市值比：11.3%
转债占总市值比：8.7%",0.00,300665,sz123052,有效期：-；质押代码：123052,123052；2020-12-11 开始转股,全价：150.800 最后更新：13:37:36
113534,鼎胜转债,sh603876,鼎胜新材,C,15.18,2020-07-24,2019-10-16,2025-04-08,2023-04-10,,,100.000,y,30.66,30,30,0,0.00,,,4.50,110.000,n,130.000,15,30,0,,N,12.540,4.038,AA-,AA-,无担保,,,,shmb,2021年10月29日公告：本次（2021年10月8日至2021年10月28日）不提前赎回，至2022年1月28日均不提前赎回,,113534,113534,2.9160,753876,754876,,N,N,46.940,buy,,,3.56,N,485976499.0,485976499.0,Y,34.66,7874.51,-2.50%,00,buy,buy,buy,13:37:41,228.33,6.86%,3.214,-21.34%,-21.90%,244.000,244.000,-1.80%,4472.66,Y,1,1,G,-,,N,-,buy,-,25-04-08,250.86,19.73,10.63,2.4%,2.4%,"转债占流动市值比：2.4%
转债占总市值比：2.4%",0.00,603876,sh113534,有效期：-；质押代码：113534,113534；2019-10-16 开始转股,全价：244.000 最后更新：13:37:41
128093,百川转债,sz002455,百川股份,C,5.77,2021-05-27,2020-07-09,2026-01-03,2024-01-03,,,100.000,y,33.80,30,30,0,0.00,,,15.78,120.000,n,130.000,20,30,13,,X,5.200,1.614,AA-,AA-,自有资产抵押担保,,,,szmb,,,128093,128093,1.0314,082455,072455,,N,N,19.690,buy,,,3.75,N,565949304.0,450664327.0,Y,11.95,7968.39,0.34%,00,buy,buy,buy,13:37:42,207.11,7.62%,3.953,-13.28%,-14.24%,222.888,222.888,-0.05%,5676.29,Y,0,0,,-,,N,-,buy,-,26-01-03,230.51,7.50,4.04,3.0%,2.4%,"转债占流动市值比：3.0%
转债占总市值比：2.4%",0.00,002455,sz128093,有效期：-；质押代码：128093,128093；2020-07-09 开始转股,全价：222.888 最后更新：13:37:42
123046,天铁转债,sz300587,天铁股份,C,6.73,2021-12-07,2020-09-25,2026-03-18,2024-03-18,,,100.000,y,23.97,30,30,0,0.00,,,402.24,112.000,n,130.000,15,30,0,,N,3.990,0.588,AA-,AA-,无担保,,,,szcy,2021年12月28日公告：本次（2021年12月7日至2021年12月27日）不提前赎回，至2022年6月27日均不提前赎回,,123046,123046,2.1957,380587,370587,,N,N,52.910,buy,,,7.22,N,628245517.0,478444620.0,Y,19.65,36966.40,6.79%,00,buy,buy,buy,13:37:42,291.98,7.72%,4.156,-21.39%,-21.92%,314.511,314.511,6.43%,76055.90,Y,0,0,G,-,,N,-,buy,-,26-03-18,322.23,8.75,4.71,0.6%,0.5%,"转债占流动市值比：0.6%
转债占总市值比：0.5%",0.00,300587,sz123046,有效期：-；质押代码：123046,123046；2020-09-25 开始转股,全价：314.511 最后更新：13:37:42
128082,华锋转债,sz002806,华锋股份,C,9.13,2021-03-23,2020-06-10,2025-12-03,2023-12-04,,,100.000,y,48.34,30,30,0,0.00,,,14.11,115.000,n,130.000,15,30,13,,X,3.520,2.036,A,A,土地、房产、机器设备等资产抵 押和股份质押担保,,,,szmb,,,128082,128082,1.9995,082806,072806,,N,N,5.530,buy,,,2.16,N,191703355.0,139230770.0,Y,13.22,2545.85,1.30%,00,buy,buy,buy,13:37:39,144.80,7.71%,3.868,-6.56%,-7.39%,155.962,155.962,0.73%,4472.52,Y,2,2,,-,,N,-,buy,-,25-12-03,163.67,11.87,6.39,11.1%,8.0%,"转债占流动市值比：11.1%
转债占总市值比：8.0%",0.00,002806,sz128082,有效期：-；质押代码：128082,128082；2020-06-10 开始转股,全价：155.962 最后更新：13:37:39
128111,中矿转债,sz002738,中矿资源,C,15.45,2022-01-06,2020-12-17,2026-06-10,2024-06-10,,,100.000,y,18.92,30,30,0,0.00,,,75.49,118.000,n,130.000,15,30,0,,N,8.000,1.447,AA-,AA-,无担保,,,,szmb,2021年1月28日公告，本次（2020年12月17日至2021年1月28日）不行使提前赎回权利不提前赎回，至2022年1月28日前均不提前赎回,,128111,128111,2.8784,082738,072738,,N,N,70.254,buy,,,4.98,N,325175572.0,296108329.0,Y,57.16,57053.09,2.77%,00,buy,buy,buy,13:37:42,369.97,7.71%,4.386,-23.69%,-24.33%,398.500,398.500,1.29%,44192.22,Y,0,0,G,-,,N,-,buy,-,26-06-10,406.21,20.09,10.81,0.9%,0.8%,"转债占流动市值比：0.9%
转债占总市值比：0.8%",0.00,002738,sz128111,有效期：-；质押代码：128111,128111；2020-12-17 开始转股,全价：398.500 最后更新：13:37:42
113053,隆22转债,sh601012,隆基股份,C,82.65,,2022-07-11,2028-01-04,2026-01-05,,,100.000,y,75.57,30,30,0,0.00,,,,107.000,n,130.000,15,30,0,,X,70.000,70.000,AAA,AAA,无,,,,shmb,,,未到转股期,113053,1.2930,764012,783012,,N,N,62.100,-,R,,9.01,N,5412952708.0,5412832854.0,Y,76.56,331807.97,-2.10%,00,buy,buy,buy,,92.63,7.96%,5.956,1.82%,1.47%,100.000,100.000,0.00%,0.00,Y,0,0,,-,,N,-,buy,-,28-01-04,107.96,107.44,57.85,1.7%,1.7%,"转债占流动市值比：1.7%
转债占总市值比：1.7%",0.00,601012,sh113053,有效期：-；质押代码：113053,未到转股期；2022-07-11 开始转股,待上市
123136,城市转债,sz300778,新城市,C,21.18,,2022-07-27,2028-01-20,2026-01-20,,,100.000,y,75.64,30,30,0,0.00,,,,115.000,n,130.000,15,30,0,,X,4.600,4.600,AA-,AA-,无,,,,szcy,,,未到转股期,123136,3.6800,380778,370778,,N,N,,-,,,2.46,N,125000000.0,57622625.0,Y,19.60,6415.96,-10.67%,00,buy,buy,buy,,92.54,8.06%,5.997,3.24%,2.62%,100.000,100.000,0.00%,0.00,Y,0,0,,-,,N,-,buy,-,28-01-20,108.06,27.53,14.83,40.7%,18.8%,"转债占流动市值比：40.7%
转债占总市值比：18.8%",0.00,300778,sz123136,有效期：-；质押代码：123136,未到转股期；2022-07-27 开始转股,待上市
113537,文灿转债,sh603348,文灿股份,C,19.28,2021-06-18,2019-12-16,2025-06-09,2023-06-12,,,100.000,y,23.91,30,30,0,0.00,,,109.29,115.000,n,130.000,15,30,0,,N,8.000,1.406,AA-,AA-,无担保,,,,shmb,2021年10月27日公告：本次不行使文灿转债的提前赎回权利，至2022年4月27日前均不提前赎回,,113537,113537,3.6360,753348,754348,,N,N,18.080,buy,,,5.56,N,262172808.0,257432808.0,Y,56.45,14390.91,-3.34%,00,buy,buy,buy,13:37:42,292.79,8.02%,3.384,-25.18%,-25.89%,316.280,316.280,-5.25%,50283.70,Y,0,0,G,-,,N,-,buy,-,25-06-09,324.30,25.06,13.50,1.0%,1.0%,"转债占流动市值比：1.0%
转债占总市值比：1.0%",0.00,603348,sh113537,有效期：-；质押代码：113537,113537；2019-12-16 开始转股,全价：316.280 最后更新：13:37:42
127042,嘉美转债,sz002969,嘉美包装,C,4.87,,2022-02-14,2027-08-09,2025-08-11,,,100.000,y,59.08,30,30,0,0.00,,,16.41,112.000,n,130.000,15,30,0,,X,7.500,7.500,AA,AA,无,,,,szmb,,,未到转股期,127042,0.7809,082969,072969,,N,N,8.550,-,,,2.42,N,962170735.0,444176962.0,Y,5.77,19205.49,-2.86%,00,buy,buy,buy,13:37:42,118.48,8.09%,5.551,-1.63%,-2.15%,128.062,128.062,-2.06%,15797.11,Y,0,0,,-,,N,-,buy,-,27-08-09,136.15,6.33,3.41,29.3%,13.5%,"转债占流动市值比：29.3%
转债占总市值比：13.5%",0.00,002969,sz127042,有效期：-；质押代码：127042,未到转股期；2022-02-14 开始转股,全价：128.062 最后更新：13:37:42
113567,君禾转债,sh603617,君禾股份,C,10.58,2021-12-09,2020-09-10,2026-03-03,2024-03-04,,,100.000,y,56.75,30,30,0,0.00,,,7.18,113.000,n,130.000,15,30,0,,X,2.100,2.099,A+,A+,股票质押担保,,,,shmb,,,113567,113567,1.4730,753617,754617,,N,N,70.840,buy,,,4.53,N,259301043.0,199462981.0,Y,13.05,858.96,-0.31%,00,buy,buy,buy,13:37:38,123.35,8.28%,4.115,-2.87%,-3.63%,133.560,133.560,1.17%,1998.22,Y,0,0,,-,,N,-,buy,-,26-03-03,141.84,13.75,7.41,8.1%,6.2%,"转债占流动市值比：8.1%
转债占总市值比：6.2%",0.00,603617,sh113567,有效期：-；质押代码：113567,113567；2020-09-10 开始转股,全价：133.560 最后更新：13:37:38
123027,蓝晓转债,sz300487,蓝晓科技,C,29.02,2021-06-24,2019-12-17,2025-06-10,2023-06-12,,,100.000,y,20.17,30,30,0,0.00,,,108.64,113.000,n,130.000,15,30,0,,N,3.400,1.070,A+,A+,无担保,,,,szcy,2021年11月1日公告：本次（2021年9月9日至2021年10月29日）不行使提前赎回权利，至2022年1月29日前均不提前赎回,,123027,123027,1.6461,380487,370487,,N,N,71.900,buy,,,11.09,N,219785441.0,128363816.0,Y,100.71,13810.35,-1.96%,00,buy,buy,buy,13:37:42,347.04,8.55%,3.386,-29.34%,-29.93%,376.700,376.700,-1.87%,44986.63,Y,0,0,G,-,,N,-,buy,-,25-06-10,385.25,37.73,20.31,0.8%,0.5%,"转债占流动市值比：0.8%
转债占总市值比：0.5%",0.00,300487,sz123027,有效期：-；质押代码：123027,123027；2019-12-17 开始转股,全价：376.700 最后更新：13:37:42
113568,新春转债,sh603667,五洲新春,C,8.75,2021-06-15,2020-09-14,2026-03-05,2024-03-05,,,100.000,y,43.32,30,30,0,0.00,,,10.32,118.000,n,130.000,15,30,0,,N,3.300,2.436,AA-,AA-,无担保,,,,shmb,2021年8月10日公告：本次（2021年7月12日至2021年8月10日）不行使提前赎回权利，至2022年2月10日均不提前赎回,,113568,113568,1.1600,753667,754667,,N,N,15.920,buy,,,2.22,N,301173285.0,265065997.0,Y,14.14,3872.58,-2.55%,00,buy,buy,buy,13:37:24,161.60,8.62%,4.121,-8.21%,-9.08%,175.530,175.530,-2.00%,4461.10,Y,0,0,G,-,,N,-,buy,-,26-03-05,184.15,11.38,6.12,6.5%,5.7%,"转债占流动市值比：6.5%
转债占总市值比：5.7%",0.00,603667,sh113568,有效期：-；质押代码：113568,113568；2020-09-14 开始转股,全价：175.530 最后更新：13:37:24
123078,飞凯转债,sz300398,飞凯材料,C,15.56,2021-05-31,2021-06-03,2026-11-26,2024-11-26,,,100.000,y,40.57,30,30,0,0.00,,,67.12,110.000,n,120.000,15,30,13,,X,8.250,7.198,AA,AA,无担保,,,,szcy,,,123078,123078,1.5992,380398,370398,,N,N,35.740,buy,R,,4.48,N,516098134.0,515927321.0,Y,26.85,136559.08,-6.93%,00,buy,buy,buy,13:37:42,172.56,9.04%,4.849,-9.82%,-10.29%,188.152,188.152,-6.36%,93932.17,Y,1,1,,-,,N,-,buy,-,26-11-26,197.19,18.67,10.89,5.2%,5.2%,"转债占流动市值比：5.2%
转债占总市值比：5.2%",0.00,300398,sz123078,有效期：-；质押代码：123078,123078；2021-06-03 开始转股,全价：188.152 最后更新：13:37:42
128044,岭南转债,sz002717,岭南股份,C,3.43,2021-12-01,2019-02-20,2024-08-14,2022-08-14,,,100.000,y,52.89,30,30,0,0.00,,,187.83,107.000,n,130.000,15,30,0,,X,6.600,6.589,AA-,AA-,无担保,,,,szmb,,,128044,128044,0.6542,082717,072717,,N,N,40.500,buy,,,1.57,N,1684418292.0,1125742527.0,Y,4.54,50704.53,9.93%,00,buy,buy,buy,13:37:42,132.36,9.22%,2.564,-10.16%,-10.80%,144.559,144.559,9.10%,181112.69,Y,2,2,,-,,N,-,buy,-,24-08-14,153.78,4.46,2.40,12.9%,8.6%,"转债占流动市值比：12.9%
转债占总市值比：8.6%",0.00,002717,sz128044,有效期：-；质押代码：128044,128044；2019-02-20 开始转股,全价：144.559 最后更新：13:37:42
127040,国泰转债,sz002091,江苏国泰,C,9.02,,2022-01-13,2027-07-06,2025-07-07,,,100.000,y,52.84,30,30,0,0.00,,,0.76,108.000,n,130.000,15,30,6,,X,45.574,44.835,AA+,AA+,无,,,,szmb,,,127040,127040,2.9100,082091,072091,,N,N,65.940,buy,R,,1.91,N,1563536598.0,1513016522.0,Y,11.95,11885.14,-0.50%,00,buy,buy,buy,13:37:42,132.48,9.45%,5.458,-4.61%,-4.99%,144.993,144.993,0.09%,4940.90,Y,0,0,,-,,N,-,buy,-,27-07-06,154.44,11.73,6.31,24.8%,24.0%,"转债占流动市值比：24.8%
转债占总市值比：24.0%",0.00,002091,sz127040,有效期：-；质押代码：127040,127040；2022-01-13 开始转股,全价：144.993 最后更新：13:37:42
113601,塞力转债,sh603716,塞力医疗,C,16.98,,2021-03-01,2026-08-20,2024-08-20,,,100.000,y,55.54,30,30,0,0.00,,,188.32,115.000,n,130.000,15,30,0,,X,5.430,5.428,AA-,AA-,无担保,,,,shmb,,,113601,113601,2.7390,753716,754716,,N,N,67.160,buy,,,2.71,N,205018993.0,201323345.0,Y,21.40,53993.31,3.63%,00,buy,buy,buy,13:37:43,126.03,9.95%,4.581,-3.01%,-3.75%,138.570,138.570,1.91%,143474.43,Y,0,0,,-,,N,-,buy,-,26-08-20,148.52,22.07,11.89,12.6%,12.4%,"转债占流动市值比：12.6%
转债占总市值比：12.4%",0.00,603716,sh113601,有效期：-；质押代码：113601,113601；2021-03-01 开始转股,全价：138.570 最后更新：13:37:43
113525,台华转债,sh603055,台华新材,C,7.78,2021-05-28,2019-06-21,2024-12-16,2022-12-17,,,100.000,y,33.21,30,30,0,0.00,,,8.81,110.000,n,130.000,15,30,0,,N,5.330,1.854,AA,AA,无担保,,,,shmb,2021年12月28日公告：本次（2021年12月7日至2021年12月27日）不提前赎回，至2022年3月27日均不提前赎回,,113525,113525,0.9730,753055,754055,,N,N,29.060,buy,,,3.97,N,868874372.0,804671904.0,Y,16.40,3567.87,-0.67%,00,buy,buy,buy,13:37:39,210.80,10.25%,2.904,-22.15%,-22.75%,232.400,232.400,-2.59%,3897.13,Y,0,0,G,-,,N,-,buy,-,24-12-16,242.65,10.11,5.45,1.4%,1.3%,"转债占流动市值比：1.4%
转债占总市值比：1.3%",0.00,603055,sh113525,有效期：-；质押代码：113525,113525；2019-06-21 开始转股,全价：232.400 最后更新：13:37:39
128130,景兴转债,sz002067,景兴纸业,C,3.40,,2021-03-04,2026-08-30,2024-08-30,,,100.000,y,69.74,30,30,0,0.00,,,1.00,110.000,n,130.000,15,30,0,,X,12.800,9.987,AA,AA,无担保,,,,szmb,,,128130,128130,1.1519,082067,072067,,N,N,53.140,buy,R,,0.87,N,1193928835.0,1056303835.0,Y,3.90,4867.65,-0.76%,00,buy,buy,buy,13:37:42,114.71,10.28%,4.608,-2.12%,-2.68%,126.502,126.502,-0.98%,1263.08,Y,0,0,,-,,N,-,buy,-,26-08-30,136.78,4.42,2.72,24.2%,21.4%,"转债占流动市值比：24.2%
转债占总市值比：21.4%",0.00,002067,sz128130,有效期：-；质押代码：128130,128130；2021-03-04 开始转股,全价：126.502 最后更新：13:37:42
128095,恩捷转债,sz002812,恩捷股份,C,64.92,2021-04-30,2020-08-17,2026-02-11,2024-02-12,,,100.000,y,16.98,30,30,0,0.00,,,8.69,110.000,n,130.000,15,30,30,,X,16.000,4.541,AA,AA,无担保,,,,szmb,,,128095,128095,1.9866,082812,072812,,N,N,77.840,buy,R,,18.56,N,892406852.0,742019744.0,Y,267.66,93975.88,-1.31%,00,buy,buy,buy,13:37:42,412.29,10.31%,4.060,-,-,454.805,454.805,-0.04%,18076.02,Y,0,0,B,-,,N,-,buy,-,26-02-11,465.12,84.40,45.44,0.2%,0.2%,"转债占流动市值比：0.2%
转债占总市值比：0.2%",0.00,002812,sz128095,有效期：-；质押代码：128095,128095；2020-08-17 开始转股,全价：454.805 最后更新：13:37:42
128017,金禾转债,sz002597,金禾实业,C,21.97,2021-05-21,2018-08-07,2023-11-01,2021-11-01,,,100.000,y,36.55,30,30,0,0.00,,,4.85,106.000,n,130.000,15,30,13,,X,6.000,5.519,AA,AA,无担保,,,,szmb,,,128017,128017,1.0633,082597,072597,,N,N,89.139,buy,R,,4.42,N,560913735.0,559486768.0,Y,42.08,14291.14,-0.33%,00,buy,buy,buy,13:37:42,191.53,10.55%,1.778,-31.87%,-32.38%,211.732,211.732,0.85%,5708.78,Y,0,0,,-,,N,-,buy,-,23-11-01,222.28,28.56,15.38,2.3%,2.3%,"转债占流动市值比：2.3%
转债占总市值比：2.3%",0.00,002597,sz128017,有效期：-；质押代码：128017,128017；2018-08-07 开始转股,全价：211.732 最后更新：13:37:42
113025,明泰转债,sh601677,明泰铝业,C,11.00,2021-05-14,2019-10-16,2025-04-09,2023-04-10,,,100.000,y,19.24,30,30,0,0.00,,,2.36,110.000,n,130.000,15,30,2,,X,18.390,10.966,AA,AA,无担保,,,,shmb,,,113025,113025,3.1170,764677,783677,,N,N,24.000,buy,,,2.67,N,682582320.0,682436220.0,Y,40.02,20288.17,-1.55%,00,buy,buy,buy,13:37:37,363.82,10.84%,3.216,-,-,403.240,403.240,-3.22%,10742.11,Y,0,0,,-,,N,-,buy,-,25-04-09,414.08,14.30,7.70,4.0%,4.0%,"转债占流动市值比：4.0%
转债占总市值比：4.0%",0.00,601677,sh113025,有效期：-；质押代码：113025,113025；2019-10-16 开始转股,全价：403.240 最后更新：13:37:37
123103,震安转债,sz300767,震安科技,C,56.89,2021-06-11,2021-09-22,2027-03-11,2025-03-11,,,100.000,y,43.92,30,30,0,0.00,,,4.53,115.000,n,130.000,15,30,0,,N,2.850,2.525,A+,A+,无,,,,szcy,2021年10月21日公告：本次（2021年9月22日至2021年10月19日）不行使提前赎回权利，至2022年4月20日均不提前赎回,,123103,123103,1.9791,380767,370767,,N,N,53.950,buy,,,14.52,N,202170726.0,118282633.0,Y,90.67,4242.69,-0.03%,00,buy,buy,buy,13:37:42,159.38,11.11%,5.137,-7.23%,-7.87%,177.091,177.091,-0.73%,2052.00,Y,0,0,G,-,,N,-,buy,-,27-03-11,188.20,73.96,39.82,2.4%,1.4%,"转债占流动市值比：2.4%
转债占总市值比：1.4%",0.00,300767,sz123103,有效期：-；质押代码：123103,123103；2021-09-22 开始转股,全价：177.091 最后更新：13:37:42
123067,斯莱转债,sz300382,斯莱克,C,9.36,2021-06-30,2021-03-23,2026-09-16,2024-09-16,,,100.000,y,30.29,30,30,0,0.00,,,7.31,115.000,n,130.000,15,30,0,,N,3.880,2.400,AA-,AA-,无担保,,,,szcy,2021年11月15日公告：本次不行使提前赎回权利，至2022年2月23日均不提前赎回,,123067,123067,0.6940,380382,370382,,N,N,19.960,buy,,,10.55,N,580381337.0,580323512.0,Y,21.63,10670.54,-2.74%,00,buy,buy,buy,13:37:39,231.09,11.17%,4.655,-15.20%,-15.80%,256.897,256.897,-1.78%,4560.74,Y,0,0,G,-,,N,-,buy,-,26-09-16,268.07,12.17,6.55,1.9%,1.9%,"转债占流动市值比：1.9%
转债占总市值比：1.9%",0.00,300382,sz123067,有效期：-；质押代码：123067,123067；2021-03-23 开始转股,全价：256.897 最后更新：13:37:39
127027,靖远转债,sz000552,靖远煤电,C,3.13,2021-10-12,2021-06-16,2026-12-09,2024-12-09,,,100.000,y,57.06,30,30,0,0.00,,,3.78,110.000,n,130.000,15,30,0,,X,28.000,24.306,AA+,AA+,无担保,,,,szmb,,,127027,127027,1.2243,080552,070552,,N,N,35.200,buy,R,,1.05,N,2350879797.0,2347628690.0,Y,3.84,24255.44,2.95%,00,buy,buy,buy,13:37:42,122.68,11.53%,4.885,-3.57%,-4.09%,136.828,136.828,1.17%,12476.49,Y,0,0,,-,,N,-,buy,-,26-12-09,148.36,4.07,2.19,27.0%,26.9%,"转债占流动市值比：27.0%
转债占总市值比：26.9%",0.00,000552,sz127027,有效期：-；质押代码：127027,127027；2021-06-16 开始转股,全价：136.828 最后更新：13:37:42
132014,18中化EB,sh601117,中国化学,E,7.39,2021-09-10,2019-04-25,2023-04-24,2022-04-24,,,100.000,y,47.07,30,30,0,1.02,2022-01-21,2022-01-21,0.01,106.000,y,130.000,15,30,0,,N,35.000,14.887,AAA,AAA,预备用于交换的中国化学股票设定为本次债券的担保物,,,,shmb,2021年8月19日公告：本次（2021年7月8日至2021年8月18日）不提前赎回，至2022年3月18日均不提前赎回,,132014,132014,,,,,Q,Q,,buy,R,,1.36,N,6109470588.0,4933000000.0,Y,10.99,43327.37,0.55%,00,buy,buy,buy,10:09:00,148.71,11.27%,1.255,-29.06%,-29.86%,164.800,165.473,-0.06%,25.21,Y,0,0,G,-,,N,-,buy,-,23-04-24,176.07,9.61,5.17,2.7%,2.2%,"转债占流动市值比：2.7%
转债占总市值比：2.2%",0.00,601117,sh132014,有效期：2022-01-21 到 2022-01-21；质押代码：132014,132014；2019-04-25 开始转股,全价：165.473 最后更新：10:09:00
113039,嘉泽转债,sh601619,嘉泽新能,C,3.46,2021-06-11,2021-03-01,2026-08-23,2024-08-23,,,100.000,y,51.10,30,30,0,0.00,,,12.71,108.000,n,130.000,15,30,0,,N,13.000,2.885,AA,AA,无担保,,,,shmb,2022年1月6日公告：本次（2021年12月15日至2022年1月5日）不提前赎回，至2022年4月5日均不提前赎回,,113039,113039,0.6260,764619,783619,,N,N,76.530,buy,,,2.39,N,2434220009.0,2365350009.0,Y,4.74,7754.84,-0.42%,00,buy,buy,buy,13:37:15,136.99,11.32%,4.589,-6.47%,-6.92%,152.500,152.500,-0.85%,5586.42,Y,0,0,G,-,,N,-,buy,-,26-08-23,163.82,4.50,2.42,2.6%,2.5%,"转债占流动市值比：2.6%
转债占总市值比：2.5%",0.00,601619,sh113039,有效期：-；质押代码：113039,113039；2021-03-01 开始转股,全价：152.500 最后更新：13:37:15
128091,新天转债,sz002873,新天药业,C,11.62,2021-11-10,2020-07-06,2025-12-30,2024-01-01,,,100.000,y,39.29,30,30,0,0.00,,,143.86,113.000,n,130.000,15,30,0,,N,1.770,1.547,A+,A+,房产抵押和股份质押,,,,szmb,2022年1月13日公告：本次（2021年12月22日至2022年1月12日）不提前赎回，至2022年6月30日均不提前赎回,,128091,128091,1.5410,082873,072873,,N,N,46.250,buy,,,3.80,N,164048027.0,155115979.0,Y,20.70,21232.58,-6.08%,00,buy,buy,buy,13:37:42,178.14,11.48%,3.942,-12.48%,-13.16%,198.597,198.597,-3.97%,44904.34,Y,0,0,G,-,,N,-,buy,-,25-12-30,210.08,15.11,8.13,4.8%,4.6%,"转债占流动市值比：4.8%
转债占总市值比：4.6%",0.00,002873,sz128091,有效期：-；质押代码：128091,128091；2020-07-06 开始转股,全价：198.597 最后更新：13:37:42
123097,美力转债,sz300611,美力科技,C,9.28,2021-07-09,2021-08-02,2027-01-26,2025-01-27,,,100.000,y,58.89,30,30,0,0.00,,,4.45,115.000,n,130.000,15,30,6,,X,3.000,2.999,A+,A+,无,,,,szcy,,,123097,123097,1.7295,380611,370611,,N,N,57.250,buy,,,2.45,N,178963188.0,121740438.0,Y,11.03,2162.52,-0.72%,00,buy,buy,buy,13:37:39,118.86,12.06%,5.016,-1.84%,-2.56%,133.198,133.198,-0.44%,1778.90,Y,0,0,,-,,N,-,buy,-,27-01-26,145.26,12.06,6.50,22.3%,15.2%,"转债占流动市值比：22.3%
转债占总市值比：15.2%",0.00,300611,sz123097,有效期：-；质押代码：123097,123097；2021-08-02 开始转股,全价：133.198 最后更新：13:37:39
123031,晶瑞转债,sz300655,晶瑞电材,C,10.13,2021-05-07,2020-03-05,2025-08-28,2023-08-28,,,100.000,y,19.75,30,30,0,0.00,,,19.75,111.000,n,130.000,15,30,0,,N,1.850,0.530,A+,A+,无担保,,,,szcy,2022年1月18日公告：本次（2021年12月28日至2022年1月18日）不提前赎回，至2022年4月18日均不提前赎回,,123031,123031,1.2217,380655,370655,,N,N,8.110,buy,,,7.85,N,340639856.0,289329418.0,Y,35.91,11554.67,-1.26%,00,buy,buy,buy,13:37:36,354.49,11.99%,3.603,-29.38%,-29.85%,397.000,397.000,-1.24%,4160.80,Y,0,0,G,-,,N,-,buy,-,25-08-28,408.99,13.17,7.09,0.5%,0.4%,"转债占流动市值比：0.5%
转债占总市值比：0.4%",0.00,300655,sz123031,有效期：-；质押代码：123031,123031；2020-03-05 开始转股,全价：397.000 最后更新：13:37:36
113550,常汽转债,sh603035,常熟汽饰,C,9.33,2021-05-28,2020-05-22,2025-11-17,2023-11-17,,,100.000,y,32.14,30,30,0,0.00,,,80.50,115.000,n,130.000,15,30,0,,N,9.924,2.147,AA-,AA-,无担保,,,,shmb,2021年12月3日公告：本次（2021年11月12日至2021年12月2日）不行使提前赎回权利，至2022年3月2日）均不提前赎回,,113550,113550,3.5440,753035,754035,,N,N,49.290,buy,,,1.85,N,360749112.0,360749112.0,Y,20.32,25192.87,3.20%,00,buy,buy,buy,13:37:43,217.79,12.07%,3.825,-17.12%,-17.83%,244.070,244.070,-1.06%,43059.14,Y,0,0,G,-,,N,-,buy,-,25-11-17,256.14,12.13,6.53,2.9%,2.9%,"转债占流动市值比：2.9%
转债占总市值比：2.9%",0.00,603035,sh113550,有效期：-；质押代码：113550,113550；2020-05-22 开始转股,全价：244.070 最后更新：13:37:43
113609,永安转债,sh603776,永安行,C,16.48,2021-06-11,2021-05-31,2026-11-23,2024-11-25,,,100.000,y,63.04,30,30,0,0.00,,,4.51,115.000,n,130.000,15,30,2,,X,8.860,7.338,AA-,AA-,无担保,,,,shmb,,,113609,113609,4.7620,753776,754776,,N,N,81.304,buy,R,,1.24,N,233447522.0,232219822.0,Y,18.30,3752.64,-0.76%,00,buy,buy,buy,13:37:22,111.04,12.46%,4.841,-0.82%,-1.52%,124.880,124.880,-0.51%,4140.81,Y,0,0,,-,,N,-,buy,-,26-11-23,137.34,21.42,11.54,17.3%,17.2%,"转债占流动市值比：17.3%
转债占总市值比：17.2%",0.00,603776,sh113609,有效期：-；质押代码：113609,113609；2021-05-31 开始转股,全价：124.880 最后更新：13:37:22
128100,搜特转债,sz002503,搜于特,C,1.62,2021-08-17,2020-09-18,2026-03-11,2024-03-11,,,100.000,y,70.43,30,30,0,0.00,,,3.12,112.000,n,130.000,15,30,0,,X,8.000,7.991,A,A,无担保,,,,szmb,,,128100,128100,0.2622,082503,072503,,N,N,9.330,buy,R,,3.03,N,3092868251.0,2543064601.0,Y,1.61,6461.85,1.26%,00,buy,buy,buy,13:37:36,99.38,12.54%,4.137,1.10%,0.37%,111.838,111.838,-0.27%,2796.98,Y,2,2,,-,,N,-,buy,-,26-03-11,124.38,2.11,1.13,19.5%,16.0%,"转债占流动市值比：19.5%
转债占总市值比：16.0%",0.00,002503,sz128100,有效期：-；质押代码：128100,128100；2020-09-18 开始转股,全价：111.838 最后更新：13:37:36
123070,鹏辉转债,sz300438,鹏辉能源,C,20.08,2021-08-17,2021-04-26,2026-10-19,2024-10-21,,,100.000,y,33.76,30,30,0,0.00,,,25.88,110.000,n,130.000,20,30,13,,X,8.900,5.988,AA,AA,无担保,,,,szcy,,,123070,123070,2.1380,380438,370438,,N,N,72.570,buy,,,6.81,N,433497356.0,329639518.0,Y,41.63,21225.51,1.34%,00,buy,buy,buy,13:37:42,207.32,12.91%,4.745,-14.14%,-14.58%,234.095,234.095,0.30%,36712.80,Y,0,0,,-,,N,-,buy,-,26-10-19,247.00,26.10,14.06,4.4%,3.3%,"转债占流动市值比：4.4%
转债占总市值比：3.3%",0.00,300438,sz123070,有效期：-；质押代码：123070,123070；2021-04-26 开始转股,全价：234.095 最后更新：13:37:42
110079,杭银转债,sh600926,杭州银行,C,12.99,2021-08-30,2021-10-08,2027-03-29,,,,,y,,0,0,0,0.83,2022-01-21,2022-01-21,1.44,108.000,n,130.000,15,30,0,,X,150.000,149.985,AAA,AAA,无,,,,shmb,,,110079,110079,2.5290,704926,733926,,N,N,42.340,buy,R,,0.99,Y,5930255051.0,5060452059.0,Y,14.67,30357.07,-0.20%,00,buy,buy,buy,13:37:40,112.93,12.80%,5.186,-2.42%,-2.84%,127.380,127.380,-0.64%,27415.04,Y,1,1,,-,,N,-,buy,-,27-03-29,140.18,16.89,-,20.2%,17.2%,"转债占流动市值比：20.2%
转债占总市值比：17.2%",0.00,600926,sh110079,有效期：2022-01-21 到 2022-01-21；质押代码：110079,110079；2021-10-08 开始转股,全价：127.380 最后更新：13:37:40
113504,艾华转债,sh603989,艾华集团,C,20.81,2021-06-24,2018-09-08,2024-03-02,2022-03-02,,,100.000,y,40.69,30,30,0,0.00,,,0.69,106.000,n,130.000,15,30,0,,N,6.910,4.628,AA,AA,无担保,,,,shmb,2022年1月7日公告：本次（2021年12月17日至2022年1月7日）不提前赎回，至2022年4月7日均不提前赎回,,113504,113504,2.3030,753989,754989,,N,N,82.470,buy,R,,4.87,N,400813533.0,400813533.0,Y,35.80,2205.03,-0.61%,00,buy,buy,buy,13:37:25,172.03,13.00%,2.112,-24.22%,-24.77%,194.390,194.390,-1.12%,620.34,Y,1,1,G,-,,N,-,buy,-,24-03-02,207.39,27.05,14.57,3.2%,3.2%,"转债占流动市值比：3.2%
转债占总市值比：3.2%",0.00,603989,sh113504,有效期：-；质押代码：113504,113504；2018-09-08 开始转股,全价：194.390 最后更新：13:37:25
113629,泉峰转债,sh603982,泉峰汽车,C,23.03,,2022-03-22,2027-09-13,2025-09-15,,,100.000,y,46.84,30,30,0,0.00,,,85.57,115.000,n,130.000,15,30,0,,X,6.200,6.200,AA-,AA-,无,,,,shmb,,,未到转股期,113629,3.0780,753982,754982,,N,N,36.230,buy,,,3.81,N,201415700.0,81723140.0,Y,34.42,27009.00,8.24%,00,buy,buy,buy,13:37:42,149.46,13.74%,5.647,-5.94%,-6.52%,169.990,169.990,3.75%,90213.75,Y,0,0,,-,,N,-,buy,-,27-09-13,183.73,29.94,16.12,22.0%,8.9%,"转债占流动市值比：22.0%
转债占总市值比：8.9%",0.00,603982,sh113629,有效期：-；质押代码：113629,未到转股期；2022-03-22 开始转股,全价：169.990 最后更新：13:37:42
128048,张行转债,sz002839,张家港行,C,5.60,2021-07-08,2019-05-16,2024-11-12,,,,,y,,15,30,0,0.00,,,1.06,109.000,n,130.000,15,30,0,,X,25.000,24.975,AA+,AA+,无担保,,,,szmb,,,128048,128048,1.3831,082839,072839,,N,N,28.880,buy,R,,0.83,N,1807959258.0,1521751142.0,Y,6.43,17115.24,-0.16%,00,buy,buy,buy,13:37:42,114.82,14.03%,2.811,-5.39%,-6.13%,130.930,130.930,0.25%,3436.84,Y,0,0,,-,,N,-,buy,-,24-11-12,144.96,7.28,-,25.5%,21.5%,"转债占流动市值比：25.5%
转债占总市值比：21.5%",0.00,002839,sz128048,有效期：-；质押代码：128048,128048；2019-05-16 开始转股,全价：130.930 最后更新：13:37:42
111000,起帆转债,sh605222,起帆电缆,C,20.10,2021-10-29,2021-11-29,2027-05-24,2025-05-23,,,100.000,y,58.12,30,30,0,0.00,,,0.75,115.000,n,130.000,15,30,2,,X,10.000,9.996,AA-,AA-,无,,,,shmb,,,111000,111000,,715222,713222,,N,N,35.980,buy,,,2.81,N,418213213.0,100016213.0,Y,24.21,4853.54,-0.62%,00,buy,buy,buy,13:36:51,120.45,14.01%,5.340,-2.46%,-3.10%,137.330,137.330,-1.05%,1025.18,Y,0,0,,-,,N,-,buy,-,27-05-24,151.34,26.13,14.07,41.3%,9.9%,"转债占流动市值比：41.3%
转债占总市值比：9.9%",0.00,605222,sh111000,有效期：-；质押代码：111000,111000；2021-11-29 开始转股,全价：137.330 最后更新：13:36:51
123112,万讯转债,sz300112,万讯自控,C,8.93,2021-05-28,2021-10-14,2027-04-07,2025-04-07,,,100.000,y,55.71,30,30,0,0.00,,,16.58,118.000,n,130.000,15,30,0,,N,2.457,2.454,AA-,AA-,无,,,,szcy,2021年11月27日公告：本次（2021年11月1日至2021年11月26日）不行使提前赎回权利，至2022年2月26日均不提前赎回,,123112,123112,0.8599,380112,370112,,N,N,30.520,-,,,2.79,N,285779089.0,219186741.0,Y,11.22,6320.33,-0.62%,00,buy,buy,buy,13:37:42,125.64,14.29%,5.211,-2.77%,-3.52%,143.600,143.600,-1.93%,5864.71,Y,0,0,G,-,,N,-,buy,-,27-04-07,157.89,11.61,6.25,10.0%,7.7%,"转债占流动市值比：10.0%
转债占总市值比：7.7%",0.00,300112,sz123112,有效期：-；质押代码：123112,123112；2021-10-14 开始转股,全价：143.600 最后更新：13:37:42
123063,大禹转债,sz300021,大禹节水,C,4.83,2021-06-16,2021-02-03,2026-07-27,2025-07-28,,,100.000,y,58.09,30,30,0,0.00,,,3.18,120.000,n,130.000,15,30,0,,X,6.380,6.346,AA-,AA-,无担保,,,,szcy,,,123063,123063,0.8100,380021,370021,,N,N,68.990,buy,,,2.83,N,801074638.0,639330960.0,Y,5.82,17883.32,-4.12%,00,buy,buy,buy,13:37:36,120.50,14.32%,4.515,-1.98%,-2.90%,137.750,137.750,-2.23%,2798.52,Y,0,0,,-,,N,-,buy,-,26-07-27,152.07,6.28,3.38,17.1%,13.6%,"转债占流动市值比：17.1%
转债占总市值比：13.6%",0.00,300021,sz123063,有效期：-；质押代码：123063,123063；2021-02-03 开始转股,全价：137.750 最后更新：13:37:36
128121,宏川转债,sz002930,宏川智慧,C,19.89,2021-10-11,2021-01-25,2026-07-16,2024-07-16,,,100.000,y,62.35,30,30,0,0.00,,,1.24,108.000,n,130.000,15,30,9,,X,6.700,6.699,AA-,AA-,无担保,,,,szmb,,,128121,128121,1.5099,082930,072930,,N,N,77.700,buy,,,4.39,N,446826731.0,424324536.0,Y,22.33,2249.02,1.87%,00,buy,buy,buy,13:37:42,112.27,14.92%,4.485,-2.99%,-3.48%,129.019,129.019,0.80%,1068.40,Y,0,0,,-,,N,-,buy,-,26-07-16,143.94,25.86,13.92,7.1%,6.7%,"转债占流动市值比：7.1%
转债占总市值比：6.7%",0.00,002930,sz128121,有效期：-；质押代码：128121,128121；2021-01-25 开始转股,全价：129.019 最后更新：13:37:42
110066,盛屯转债,sh600711,盛屯矿业,C,4.87,2021-07-14,2020-09-07,2026-03-02,2024-03-01,,,100.000,y,33.49,30,30,0,0.00,,,14.50,110.000,n,130.000,15,30,0,,N,23.860,3.834,AA,AA,无担保,,,,shmb,2021年12月25日公告：本次（2021年12月6日至2021年12月24日）不提前赎回，至2022年1月24日均不提前赎回,,110066,110066,1.0330,704711,733711,,N,N,33.540,buy,R,,2.25,N,2747143184.0,2605882223.0,Y,10.18,56086.21,-2.77%,00,buy,buy,buy,13:37:34,209.03,15.00%,4.112,-16.70%,-17.19%,240.390,240.390,-0.69%,13467.13,Y,0,0,G,-,,N,-,buy,-,26-03-02,255.39,6.33,3.41,1.4%,1.4%,"转债占流动市值比：1.4%
转债占总市值比：1.4%",0.00,600711,sh110066,有效期：-；质押代码：110066,110066；2020-09-07 开始转股,全价：240.390 最后更新：13:37:34
113545,金能转债,sh603113,金能科技,C,10.43,2021-05-31,2020-04-20,2025-10-13,2023-10-13,,,100.000,y,49.40,30,30,0,0.00,,,0.72,110.000,n,130.000,15,30,0,,N,15.000,9.867,AA,AA,无担保,,,,shmb,2021年12月23日公告：本次（2021年12月3日至2021年12月23日）不提前赎回，至2022年3月22日均不提前赎回,,113545,113545,2.2190,753113,754113,,N,N,47.100,buy,R,,1.41,N,855071934.0,723665890.0,Y,14.78,6109.96,0.61%,00,buy,buy,buy,13:37:32,141.71,15.28%,3.729,-9.28%,-9.88%,163.370,163.370,-0.69%,1171.02,Y,0,0,G,-,,N,-,buy,-,25-10-13,178.65,13.56,7.30,9.2%,7.8%,"转债占流动市值比：9.2%
转债占总市值比：7.8%",0.00,603113,sh113545,有效期：-；质押代码：113545,113545；2020-04-20 开始转股,全价：163.370 最后更新：13:37:32
127029,中钢转债,sz000928,中钢国际,C,5.79,2021-09-24,2021-09-27,2027-03-18,2025-03-18,,,100.000,y,55.14,30,30,0,0.00,,,3.45,113.000,n,130.000,15,30,0,,N,9.600,8.195,AA+,AA+,无,,,,szmb,2021年10月26日公告：本次（2021年9月27日至10月26日）不行使提前赎回权利，至2022年4月25日前均不提前赎回,,127029,127029,0.7639,080928,070928,,N,N,20.710,buy,R,,1.56,N,1280919103.0,1280887903.0,Y,7.35,9425.91,-1.34%,00,buy,buy,buy,13:37:42,126.94,15.32%,5.156,-4.23%,-4.79%,146.381,146.381,-1.62%,4149.86,Y,0,0,G,-,,N,-,buy,-,27-03-18,161.70,7.53,4.05,8.7%,8.7%,"转债占流动市值比：8.7%
转债占总市值比：8.7%",0.00,000928,sz127029,有效期：-；质押代码：127029,127029；2021-09-27 开始转股,全价：146.381 最后更新：13:37:42
128040,华通转债,sz002758,浙农股份,C,10.03,2022-01-17,2018-12-21,2024-06-13,2022-06-14,,,100.000,y,62.35,30,30,0,0.00,,,3.88,108.000,n,130.000,15,30,0,,X,2.240,2.222,AA,AA,出质人钱木水、沈剑巢、朱国良将其合法拥有的公司股票作为质押资产进行质押担保，钱木水、沈剑巢、朱国良为本次发行可转债提供连带责任保证,,,,szmb,,,128040,128040,1.0666,082758,072758,,N,N,29.770,buy,,,1.70,N,500508037.0,195027600.0,Y,11.26,2318.34,0.09%,00,buy,buy,buy,13:37:42,112.26,15.49%,2.395,-6.28%,-7.07%,129.651,129.651,0.27%,1117.62,Y,0,0,,-,,N,-,buy,-,24-06-13,145.14,13.04,7.02,10.1%,3.9%,"转债占流动市值比：10.1%
转债占总市值比：3.9%",0.00,002758,sz128040,有效期：-；质押代码：128040,128040；2018-12-21 开始转股,全价：129.651 最后更新：13:37:42
123071,天能转债,sz300569,天能重工,C,7.91,2021-08-02,2021-04-27,2026-10-20,2024-10-21,,,100.000,y,44.55,30,30,0,0.00,,,7.72,115.000,n,130.000,15,30,0,,N,7.000,6.943,AA-,AA-,无担保,,,,szcy,2021年10月15日公告：本次（2021年9月15日至2021年10月14日）不提前赎回，至2022年10月14日均不提前赎回,,123071,123071,1.7863,380569,370569,,N,N,70.512,buy,,,2.73,N,797386255.0,571997143.0,Y,12.43,8997.24,1.22%,00,buy,buy,buy,13:37:42,157.14,15.60%,4.748,-8.39%,-9.04%,181.650,181.650,-0.57%,9900.85,Y,1,1,G,-,,N,-,buy,-,26-10-20,197.25,10.28,5.54,9.8%,7.0%,"转债占流动市值比：9.8%
转债占总市值比：7.0%",0.00,300569,sz123071,有效期：-；质押代码：123071,123071；2021-04-27 开始转股,全价：181.650 最后更新：13:37:42
123054,思特转债,sz300608,思特奇,C,12.63,2021-05-26,2020-12-16,2026-06-09,2024-06-10,,,100.000,y,55.39,30,30,0,0.00,,,164.97,115.000,n,130.000,15,30,2,,X,2.710,2.074,AA-,AA-,无担保,,,,szcy,,,123054,123054,1.7214,380608,370608,,N,N,69.580,-,,,3.86,N,209910067.0,163171064.0,Y,15.96,22698.57,1.14%,00,buy,buy,buy,13:37:42,126.37,15.53%,4.384,-4.25%,-5.02%,145.999,145.999,1.39%,50329.01,Y,0,0,,-,,N,-,buy,-,26-06-09,161.53,16.42,8.84,8.0%,6.2%,"转债占流动市值比：8.0%
转债占总市值比：6.2%",0.00,300608,sz123054,有效期：-；质押代码：123054,123054；2020-12-16 开始转股,全价：145.999 最后更新：13:37:42
123084,高澜转债,sz300499,高澜股份,C,9.01,2021-09-22,2021-06-16,2026-12-09,2024-12-09,,,100.000,y,48.11,30,30,0,0.00,,,14.13,115.000,n,130.000,15,30,13,,X,2.800,2.544,A+,A+,无担保,,,,szcy,,,123084,123084,1.0061,380499,370499,,N,N,67.220,buy,,,3.90,N,280804041.0,241690999.0,Y,13.11,9162.46,-0.98%,00,buy,buy,buy,13:37:39,145.50,15.74%,4.885,-6.61%,-7.28%,168.405,168.405,-1.09%,6121.14,Y,1,1,,-,,N,-,buy,-,26-12-09,184.15,11.71,6.31,8.0%,6.9%,"转债占流动市值比：8.0%
转债占总市值比：6.9%",0.00,300499,sz123084,有效期：-；质押代码：123084,123084；2021-06-16 开始转股,全价：168.405 最后更新：13:37:39
123109,昌红转债,sz300151,昌红科技,C,28.06,2021-06-02,2021-10-08,2027-03-31,2025-03-31,,,100.000,y,59.54,30,30,0,0.00,,,2.04,115.000,n,130.000,15,30,0,,N,4.600,4.596,AA-,AA-,无,,,,szcy,2021年11月30日公告：本次（2021年11月1日至2021年11月29日）不行使提前赎回权利，至2022年5月27日均不提前赎回,,123109,123109,0.9263,380151,370151,,N,N,29.800,buy,,,14.77,N,502506221.0,315770871.0,Y,32.99,5843.25,-1.40%,00,buy,buy,buy,13:37:42,117.57,15.76%,5.192,-2.28%,-2.95%,136.100,136.100,0.59%,1269.74,Y,0,0,G,-,,N,-,buy,-,27-03-31,151.86,36.48,19.64,4.4%,2.8%,"转债占流动市值比：4.4%
转债占总市值比：2.8%",0.00,300151,sz123109,有效期：-；质押代码：123109,123109；2021-10-08 开始转股,全价：136.100 最后更新：13:37:42
113016,小康转债,sh601127,小康股份,C,16.96,2021-07-05,2018-05-11,2023-11-06,2021-11-06,,,100.000,y,23.70,30,30,0,0.00,,,51.04,106.000,n,130.000,15,30,0,,N,15.000,2.069,AA-,AA-,无担保,,,,shmb,2021年4月2日公告：本次不行使提前赎回权利，不提前赎回；至2022年4月2日均不提前赎回,,113016,113016,1.6490,764127,783127,,N,N,89.391,buy,R,,9.40,N,1359932415.0,1032551463.0,Y,50.09,48916.24,-3.15%,00,buy,buy,buy,13:37:39,295.34,15.86%,1.792,-,-,342.180,342.180,-0.74%,36240.83,Y,1,1,G,-,,N,-,buy,-,23-11-06,358.04,22.05,11.87,0.4%,0.3%,"转债占流动市值比：0.4%
转债占总市值比：0.3%",0.00,601127,sh113016,有效期：-；质押代码：113016,113016；2018-05-11 开始转股,全价：342.180 最后更新：13:37:39
128025,特一转债,sz002728,特一药业,C,13.80,2021-12-01,2018-06-12,2023-12-06,2021-12-06,,,100.000,y,59.23,30,30,0,0.00,,,25.43,106.000,n,130.000,15,30,5,,X,3.540,2.977,AA-,AA-,许丹青的股票,,,,szmb,,,128025,128025,1.7700,082728,072728,,N,N,74.250,buy,,,3.44,N,221643927.0,127186140.0,Y,16.31,13689.78,-1.33%,00,buy,buy,buy,13:37:42,118.19,15.87%,1.874,-12.20%,-12.84%,136.949,136.949,-2.11%,10435.96,Y,1,1,,-,,N,-,buy,-,23-12-06,152.82,17.94,9.66,14.4%,8.2%,"转债占流动市值比：14.4%
转债占总市值比：8.2%",0.00,002728,sz128025,有效期：-；质押代码：128025,128025；2018-06-12 开始转股,全价：136.949 最后更新：13:37:42
123075,贝斯转债,sz300580,贝斯特,C,23.74,2021-05-24,2021-05-06,2026-11-01,2024-11-01,,,100.000,y,53.71,30,30,0,0.00,,,10.64,110.000,n,130.000,15,30,8,,X,6.000,5.997,AA-,AA-,无担保,,,,szcy,,,123075,123075,3.0000,380580,370580,,N,N,84.750,buy,,,3.21,N,200010790.0,186527665.0,Y,30.94,6512.09,-3.31%,00,buy,buy,buy,13:37:42,130.33,15.92%,4.781,-5.63%,-6.14%,151.080,151.080,-3.11%,9694.29,Y,0,0,,-,,N,-,buy,-,26-11-01,167.00,30.86,16.62,10.4%,9.7%,"转债占流动市值比：10.4%
转债占总市值比：9.7%",0.00,300580,sz123075,有效期：-；质押代码：123075,123075；2021-05-06 开始转股,全价：151.080 最后更新：13:37:42
123042,银河转债,sz300619,金银河,C,23.59,2021-12-10,2020-07-20,2026-01-13,2024-01-15,,,100.000,y,25.16,30,30,0,0.00,,,105.43,110.000,n,130.000,15,30,13,,X,1.670,0.975,A+,A+,无担保,,,,szcy,,,123042,123042,2.2316,380619,370619,,N,N,49.650,buy,,,9.91,N,84664538.0,59449716.0,Y,65.63,7867.37,0.67%,00,buy,buy,buy,13:37:42,278.21,15.92%,3.981,-23.17%,-23.62%,322.499,322.499,-0.12%,33433.60,Y,0,0,,-,,N,-,buy,-,26-01-13,338.42,30.67,16.51,2.5%,1.8%,"转债占流动市值比：2.5%
转债占总市值比：1.8%",0.00,300619,sz123042,有效期：-；质押代码：123042,123042；2020-07-20 开始转股,全价：322.499 最后更新：13:37:42
123080,海波转债,sz300517,海波重科,C,11.58,2021-06-01,2021-06-08,2026-12-01,2024-12-02,,,100.000,y,63.58,30,30,0,0.00,,,4.56,120.000,n,130.000,15,30,0,,X,2.450,2.435,A+,A+,无担保,,,,szcy,,,123080,123080,2.2955,380517,370517,,N,N,77.246,buy,,,2.68,N,192182818.0,112564498.0,Y,12.75,1956.66,-4.71%,00,buy,buy,buy,13:37:42,110.10,16.06%,4.863,-0.29%,-1.17%,127.780,127.780,-3.63%,1432.85,Y,0,0,,-,,N,-,buy,-,26-12-01,143.84,15.05,8.11,17.0%,9.9%,"转债占流动市值比：17.0%
转债占总市值比：9.9%",0.00,300517,sz123080,有效期：-；质押代码：123080,123080；2021-06-08 开始转股,全价：127.780 最后更新：13:37:42
128075,远东转债,sz002406,远东传动,C,5.29,2021-07-13,2020-03-27,2025-09-23,2023-09-25,,,100.000,y,62.98,30,30,0,0.00,,,0.42,110.000,n,130.000,15,30,0,,X,8.940,5.438,AA,AA,无担保,,,,szmb,,,128075,128075,1.5930,082406,072406,,N,N,42.076,buy,,,1.08,N,624158139.0,496148542.0,Y,5.88,2496.10,-2.00%,00,buy,buy,buy,13:37:42,111.15,16.06%,3.674,-3.30%,-3.96%,128.999,128.999,-0.77%,293.54,Y,0,0,,-,,N,-,buy,-,25-09-23,145.06,6.88,3.70,18.6%,14.8%,"转债占流动市值比：18.6%
转债占总市值比：14.8%",0.00,002406,sz128075,有效期：-；质押代码：128075,128075；2020-03-27 开始转股,全价：128.999 最后更新：13:37:42
110077,洪城转债,sh600461,洪城环境,C,6.71,2021-07-09,2021-05-26,2026-11-19,2024-11-19,,,100.000,y,58.28,30,30,0,0.00,,,0.04,110.000,n,130.000,15,30,1,,X,18.000,17.678,AA+,AA+,无担保,,,,shmb,,,110077,110077,1.8980,704461,733461,,N,N,81.140,buy,,,1.34,N,952834715.0,917719970.0,Y,8.06,3335.40,0.12%,00,buy,buy,buy,13:37:22,120.12,16.21%,4.830,-4.28%,-4.74%,139.590,139.590,-0.51%,104.27,Y,0,0,,-,,N,-,buy,-,26-11-19,155.80,8.72,4.70,23.9%,23.0%,"转债占流动市值比：23.9%
转债占总市值比：23.0%",0.00,600461,sh110077,有效期：-；质押代码：110077,110077；2021-05-26 开始转股,全价：139.590 最后更新：13:37:22
113027,华钰转债,sh601020,ST华钰,C,10.17,,2019-12-20,2025-06-13,2023-06-14,,,100.000,y,58.93,30,30,0,0.00,,,194.63,110.000,n,130.000,15,30,0,,N,6.400,3.098,A,A,无担保,,,,shmb,2021年11月10日公告，本次（2021年10月19日至2021年11月9日）不行使提前赎回权利，至2022年4月18日均不提前赎回,,113027,113027,1.2160,764020,783020,,N,N,4.450,buy,,,2.50,N,555333979.0,555333979.0,Y,12.08,10216.61,4.59%,00,buy,buy,buy,13:37:42,118.78,16.39%,3.395,-5.55%,-6.25%,138.250,138.250,5.42%,83061.24,Y,0,0,G,-,,N,-,buy,-,25-06-13,154.64,13.22,7.12,4.6%,4.6%,"转债占流动市值比：4.6%
转债占总市值比：4.6%",0.00,601020,sh113027,有效期：-；质押代码：113027,113027；2019-12-20 开始转股,全价：138.250 最后更新：13:37:42
113051,节能转债,sh601016,节能风电,C,4.05,,2021-12-27,2027-06-21,2025-06-20,,,100.000,y,51.73,30,30,0,0.00,,,3.07,110.000,n,130.000,15,30,0,,N,30.000,29.994,AA+,AA+,无担保,,,,shmb,2022年1月18日公告：本次（2021年12月27日至2022年1月17日）不提前赎回，至2023年1月17日均不提前赎回,,113051,113051,0.5980,764016,783016,,N,N,63.210,buy,R,,2.59,N,5012803683.0,4480613364.0,Y,5.48,31681.87,0.37%,00,buy,buy,buy,13:37:37,135.31,16.43%,5.416,-5.80%,-6.24%,157.540,157.540,1.10%,14531.81,Y,0,0,G,-,,N,-,buy,-,27-06-21,173.97,5.26,2.83,12.2%,10.9%,"转债占流动市值比：12.2%
转债占总市值比：10.9%",0.00,601016,sh113051,有效期：-；质押代码：113051,113051；2021-12-27 开始转股,全价：157.540 最后更新：13:37:37
110043,无锡转债,sh600908,无锡银行,C,5.61,2021-07-06,2018-08-05,2024-01-30,,,,,y,,15,30,0,0.00,,,0.81,106.000,n,130.000,15,30,0,,X,30.000,29.214,AA+,AA+,无担保,,,,shmb,,,110043,110043,1.6230,704908,733908,,N,N,37.110,buy,,,0.73,N,1861675522.0,1763699985.0,Y,6.06,6897.92,-0.66%,00,buy,buy,buy,13:37:40,108.02,16.49%,2.025,-7.24%,-7.93%,125.830,125.830,-0.51%,2972.18,Y,2,2,,-,,N,-,buy,-,24-01-30,142.32,7.29,-,27.3%,25.9%,"转债占流动市值比：27.3%
转债占总市值比：25.9%",0.00,600908,sh110043,有效期：-；质押代码：110043,110043；2018-08-05 开始转股,全价：125.830 最后更新：13:37:40
123105,拓尔转债,sz300229,拓尔思,C,9.96,2021-08-12,2021-09-27,2027-03-18,2025-03-18,,,100.000,y,59.13,30,30,0,0.00,,,2.62,115.000,n,130.000,15,30,0,,X,8.000,7.999,AA-,AA-,无,,,,szcy,,,123105,123105,1.1157,380229,370229,,N,N,57.500,buy,,,3.49,N,714757283.0,713331742.0,Y,11.79,17171.65,-1.17%,00,buy,buy,buy,13:37:30,118.37,16.58%,5.156,-2.55%,-3.22%,138.000,138.000,-1.29%,2903.80,Y,0,0,,-,,N,-,buy,-,27-03-18,154.58,12.95,6.97,9.5%,9.5%,"转债占流动市值比：9.5%
转债占总市值比：9.5%",0.00,300229,sz123105,有效期：-；质押代码：123105,123105；2021-09-27 开始转股,全价：138.000 最后更新：13:37:30
128145,日丰转债,sz002953,日丰股份,C,13.66,2021-06-02,2021-09-27,2027-03-21,2025-03-21,,,100.000,y,60.56,30,30,0,0.00,,,5.08,110.000,n,130.000,30,30,0,,X,3.800,3.797,AA-,AA-,股份质押的担保方式,,,,szmb,,,128145,128145,2.1854,082953,072953,,N,N,79.780,buy,,,3.09,N,243382760.0,74669185.0,Y,15.79,2703.79,-2.47%,00,buy,buy,buy,13:37:42,115.59,16.61%,5.164,-3.02%,-3.52%,134.795,134.795,-0.37%,2602.59,Y,0,0,,-,,N,-,buy,-,27-03-21,151.40,17.76,9.56,32.2%,9.9%,"转债占流动市值比：32.2%
转债占总市值比：9.9%",0.00,002953,sz128145,有效期：-；质押代码：128145,128145；2021-09-27 开始转股,全价：134.795 最后更新：13:37:42
123035,利德转债,sz300296,利亚德,C,6.96,2021-05-24,2020-05-20,2025-11-13,2023-11-13,,,100.000,y,47.44,30,30,0,0.00,,,2.41,110.000,n,130.000,15,30,0,,N,8.000,7.988,AA+,AA+,无担保,,,,szcy,2021年8月6日公告：本次（自2021年7月19日至2021年8月6日）不行使提前赎回的权利，至2022年2月6日均不提前赎回,,123035,123035,0.3174,380296,370296,,N,N,53.270,buy,R,,3.40,N,2542901478.0,1988702066.0,Y,10.27,57180.48,-2.75%,00,buy,buy,buy,13:37:42,147.56,16.74%,3.814,-10.35%,-10.93%,172.267,172.267,-1.81%,3342.24,Y,0,0,G,-,,N,-,buy,-,25-11-13,189.01,9.05,4.87,3.9%,3.1%,"转债占流动市值比：3.9%
转债占总市值比：3.1%",0.00,300296,sz123035,有效期：-；质押代码：123035,123035；2020-05-20 开始转股,全价：172.267 最后更新：13:37:42
110061,川投转债,sh600674,川投能源,C,9.20,2021-07-15,2020-05-15,2025-11-10,2023-11-10,,,100.000,y,55.18,30,30,0,0.97,2022-01-21,2022-01-21,0.28,106.000,n,130.000,15,30,0,,N,40.000,39.616,AAA,AAA,无担保,,,,shmb,2021年9月28日公告：本次（2021年9月6日至2021年9月28日）期间不行使提前赎回权利，至2022年9月28日均不提前赎回,,110061,110061,0.9080,704674,733674,,N,N,81.590,buy,R,,1.64,N,4406155440.0,4406155440.0,Y,11.67,4488.86,-0.26%,00,buy,buy,buy,13:36:39,126.85,16.67%,3.805,-7.56%,-8.00%,148.000,148.000,-0.69%,1666.25,Y,0,0,G,-,,N,-,buy,-,25-11-10,164.67,11.96,6.44,7.7%,7.7%,"转债占流动市值比：7.7%
转债占总市值比：7.7%",0.00,600674,sh110061,有效期：2022-01-21 到 2022-01-21；质押代码：110061,110061；2020-05-15 开始转股,全价：148.000 最后更新：13:36:39
123127,耐普转债,sz300818,耐普矿机,C,37.00,,2022-05-04,2027-10-28,2025-10-28,,,100.000,y,62.07,30,30,0,0.00,,,9.35,110.000,n,130.000,15,30,0,,X,4.000,4.000,A+,A+,无,,,,szcy,,,未到转股期,123127,5.7870,380818,370818,,N,N,22.780,-,,,3.10,N,70000000.0,31453000.0,Y,41.73,6517.42,2.46%,00,buy,buy,buy,13:37:42,112.78,16.85%,5.770,-2.20%,-2.68%,131.780,131.780,0.64%,4908.45,Y,0,0,,-,,N,-,buy,-,27-10-28,148.63,48.10,25.90,30.5%,13.7%,"转债占流动市值比：30.5%
转债占总市值比：13.7%",0.00,300818,sz123127,有效期：-；质押代码：123127,未到转股期；2022-05-04 开始转股,全价：131.780 最后更新：13:37:42
123100,朗科转债,sz300543,朗科智能,C,11.61,2021-05-26,2021-08-23,2027-02-08,2025-02-10,,,100.000,y,61.57,30,30,0,0.00,,,1.44,112.000,n,130.000,15,30,5,,X,3.800,3.799,AA-,AA-,无,,,,szcy,,,123100,123100,1.8421,380543,380543,,N,N,12.940,buy,,,3.38,N,268174890.0,199696919.0,Y,13.20,2708.54,-1.57%,00,buy,buy,buy,13:37:42,113.70,16.77%,5.052,-2.44%,-3.02%,132.763,132.763,-1.66%,726.99,Y,0,0,,-,,N,-,buy,-,27-02-08,149.53,15.09,8.13,14.4%,10.7%,"转债占流动市值比：14.4%
转债占总市值比：10.7%",0.00,300543,sz123100,有效期：-；质押代码：123100,123100；2021-08-23 开始转股,全价：132.763 最后更新：13:37:42
123022,长信转债,sz300088,长信科技,C,6.05,2021-06-17,2019-09-23,2025-03-18,2023-03-18,,,100.000,y,37.05,30,30,0,0.00,,,22.40,110.000,n,130.000,15,30,20,,X,12.300,2.564,AA,AA,无担保,,,,szcy,,,123022,123022,0.5350,380088,370088,,N,N,42.700,buy,R,,3.70,N,2454887088.0,2442659856.0,Y,11.43,37021.31,0.53%,00,buy,buy,buy,13:37:42,188.93,16.79%,3.156,-19.11%,-19.71%,220.650,220.650,1.21%,12586.91,Y,0,0,B,-,,N,-,buy,-,25-03-18,237.44,7.87,4.24,0.9%,0.9%,"转债占流动市值比：0.9%
转债占总市值比：0.9%",0.00,300088,sz123022,有效期：-；质押代码：123022,123022；2019-09-23 开始转股,全价：220.650 最后更新：13:37:42
113602,景20转债,sh603228,景旺电子,C,27.40,2021-05-12,2021-03-01,2026-08-23,2024-08-23,,,100.000,y,58.49,30,30,0,0.00,,,1.61,108.000,n,130.000,15,30,0,,X,17.800,17.798,AA,AA,无担保,,,,shmb,,,113602,113602,2.0900,753228,754228,,N,N,85.940,buy,R,,3.96,N,851672591.0,841872019.0,Y,32.79,10974.98,-2.12%,00,buy,buy,buy,13:37:42,119.67,17.22%,4.589,-4.71%,-5.18%,140.280,140.280,-1.99%,3999.30,Y,1,1,,-,,N,-,buy,-,26-08-23,157.50,35.62,19.18,6.4%,6.4%,"转债占流动市值比：6.4%
转债占总市值比：6.4%",0.00,603228,sh113602,有效期：-；质押代码：113602,113602；2021-03-01 开始转股,全价：140.280 最后更新：13:37:42
113615,金诚转债,sh603979,金诚信,C,12.65,2021-06-09,2021-06-29,2026-12-22,2024-12-23,,,100.000,y,40.77,30,30,0,0.00,,,3.38,112.000,n,130.000,15,30,0,,N,10.000,8.664,AA,AA,无担保,,,,shmb,2021年11月24日公告：本次（2021年11月4日至2021年11月24日）不行使提前赎回权利，至2022年5月24日均不提前赎回,,113615,113615,1.7320,753979,754979,,N,N,71.880,buy,,,2.50,N,593966469.0,593966469.0,Y,21.72,7948.48,-0.05%,00,buy,buy,buy,13:37:40,171.70,17.06%,4.921,-10.58%,-11.09%,200.990,200.990,0.85%,5850.49,Y,0,0,G,-,,N,-,buy,-,26-12-22,218.05,16.45,8.86,6.7%,6.7%,"转债占流动市值比：6.7%
转债占总市值比：6.7%",0.00,603979,sh113615,有效期：-；质押代码：113615,113615；2021-06-29 开始转股,全价：200.990 最后更新：13:37:40
128087,孚日转债,sz002083,孚日股份,C,4.50,2021-04-28,2020-06-23,2025-12-17,2023-12-18,,,100.000,y,65.22,30,30,0,0.00,,,3.84,108.000,n,130.000,15,30,0,,X,6.500,6.497,AA-,AA-,无担保,,,,szmb,,,128087,128087,0.7403,082083,072083,,N,N,47.200,buy,,,1.17,N,908045977.0,905440652.0,Y,4.83,6945.25,0.84%,00,buy,buy,buy,13:37:33,107.33,17.13%,3.907,-2.90%,-3.44%,125.720,125.720,-0.38%,3167.49,Y,1,1,,-,,N,-,buy,-,25-12-17,142.85,5.85,3.15,14.9%,14.8%,"转债占流动市值比：14.9%
转债占总市值比：14.8%",0.00,002083,sz128087,有效期：-；质押代码：128087,128087；2020-06-23 开始转股,全价：125.720 最后更新：13:37:33
118000,嘉元转债,sh688388,嘉元科技,C,78.74,2021-05-06,2021-09-01,2027-02-22,2025-02-24,,,100.000,y,44.30,30,30,0,0.00,,,4.95,115.000,n,130.000,15,30,0,,N,12.400,9.789,AA-,AA-,无,,,,shkc,2022年1月18日公告：本次（2021年12月25日至2022年1月17日）不提前赎回，至2022年7月18日均不提前赎回,,118000,118000,5.3700,726388,718388,,N,N,70.922,buy,R,,9.15,N,234191983.0,170867583.0,Y,124.42,40498.83,2.60%,00,buy,buy,buy,13:37:33,158.01,17.56%,5.090,-8.22%,-8.84%,185.750,185.750,0.19%,8957.51,Y,0,0,G,-,,N,-,buy,-,27-02-22,203.31,102.36,55.12,4.6%,3.4%,"转债占流动市值比：4.6%
转债占总市值比：3.4%",0.00,688388,sh118000,有效期：-；质押代码：118000,118000；2021-09-01 开始转股,全价：185.750 最后更新：13:37:33
110053,苏银转债,sh600919,江苏银行,C,6.37,2021-06-18,2019-09-20,2025-03-13,,,,,y,,15,30,0,0.81,2022-01-21,2022-01-21,0.46,111.000,n,130.000,15,30,0,,X,200.000,199.993,AAA,AAA,无担保,,,,shmb,,,110053,110053,1.7320,704919,733919,,N,N,26.970,buy,R,,0.53,N,14769628784.0,14679866951.0,Y,6.79,79705.69,-0.88%,00,buy,buy,buy,13:37:37,106.59,17.42%,3.142,-1.84%,-2.83%,125.160,125.160,-0.31%,11540.84,Y,0,0,,-,,N,-,buy,-,25-03-13,142.58,8.28,-,20.1%,19.9%,"转债占流动市值比：20.1%
转债占总市值比：19.9%",0.00,600919,sh110053,有效期：2022-01-21 到 2022-01-21；质押代码：110053,110053；2019-09-20 开始转股,全价：125.160 最后更新：13:37:37
128143,锋龙转债,sz002931,锋龙股份,C,12.73,2021-06-08,2021-07-14,2027-01-07,2025-01-07,,,100.000,y,63.60,30,30,0,0.00,,,0.96,115.000,n,130.000,15,30,0,,X,2.450,2.444,A+,A+,股票质押担保,,,,szmb,,,128143,128143,1.7228,082931,072931,,N,N,80.170,buy,,,4.00,N,199140144.0,178663130.0,Y,14.01,1355.53,0.79%,00,buy,buy,buy,13:37:18,110.05,17.65%,4.964,-1.35%,-2.06%,129.476,129.476,0.29%,302.99,Y,0,0,,-,,N,-,buy,-,27-01-07,147.13,16.55,8.91,9.8%,8.8%,"转债占流动市值比：9.8%
转债占总市值比：8.8%",0.00,002931,sz128143,有效期：-；质押代码：128143,128143；2021-07-14 开始转股,全价：129.476 最后更新：13:37:18
127028,英特转债,sz000411,英特集团,C,13.22,2021-12-24,2021-07-12,2027-01-04,2025-01-06,,,100.000,y,65.12,30,30,0,0.00,,,3.61,108.000,n,130.000,15,30,0,,X,6.000,5.989,AA+,AA+,无担保,,,,szmb,,,127028,127028,2.4102,080411,070411,,N,N,52.150,buy,,,1.93,N,255376150.0,207422211.0,Y,14.21,6241.63,2.38%,00,buy,buy,buy,13:37:42,107.49,17.99%,4.956,-2.38%,-2.83%,126.828,126.828,0.35%,2719.61,Y,1,1,,-,,N,-,buy,-,27-01-04,144.82,17.19,9.25,20.3%,16.5%,"转债占流动市值比：20.3%
转债占总市值比：16.5%",0.00,000411,sz127028,有效期：-；质押代码：127028,127028；2021-07-12 开始转股,全价：126.828 最后更新：13:37:42
128107,交科转债,sz002061,浙江交科,C,5.24,2021-07-13,2020-10-28,2026-04-22,2024-04-22,,,100.000,y,63.24,30,30,0,0.00,,,0.73,110.000,n,130.000,15,30,0,,X,25.000,24.997,AA+,AA+,无担保,,,,szmb,,,128107,128107,1.8173,082061,072061,,N,N,83.390,buy,,,0.87,N,1375702619.0,1375702619.0,Y,5.80,5076.22,-2.03%,00,buy,buy,buy,13:37:36,110.69,18.08%,4.252,-3.05%,-3.64%,130.705,130.705,0.00%,2365.70,Y,0,0,,-,,N,-,buy,-,26-04-22,148.79,6.81,3.67,31.3%,31.3%,"转债占流动市值比：31.3%
转债占总市值比：31.3%",0.00,002061,sz128107,有效期：-；质押代码：128107,128107；2020-10-28 开始转股,全价：130.705 最后更新：13:37:36
123110,九典转债,sz300705,九典制药,C,26.44,2021-05-19,2021-10-08,2027-03-31,2025-03-31,,,100.000,y,61.41,30,30,0,0.00,,,12.12,115.000,n,130.000,15,30,4,,X,2.700,2.698,A+,A+,无,,,,szcy,,,123110,123110,1.1505,380705,370705,,N,N,44.270,buy,,,6.65,N,234687298.0,142890383.0,Y,30.14,18395.26,-4.65%,00,buy,buy,buy,13:37:42,113.99,18.43%,5.192,-2.07%,-2.75%,134.998,134.998,-3.22%,4455.00,Y,0,0,,-,,N,-,buy,-,27-03-31,153.43,34.37,18.51,6.3%,3.8%,"转债占流动市值比：6.3%
转债占总市值比：3.8%",0.00,300705,sz123110,有效期：-；质押代码：123110,123110；2021-10-08 开始转股,全价：134.998 最后更新：13:37:42
123060,苏试转债,sz300416,苏试试验,C,19.05,2022-01-11,2021-01-27,2026-07-20,2024-07-22,,,100.000,y,43.20,30,30,0,0.00,,,3.17,112.000,n,130.000,15,30,0,,N,3.100,3.097,AA-,AA-,无担保,,,,szcy,2021年11月5日公告：本次（2021年10月18日至2021年11月5日）不行使提前赎回权利，至2022年5月5日均不提前赎回,,123060,123060,1.5243,380416,370416,,N,N,75.120,buy,,,8.21,N,284582225.0,261781906.0,Y,30.87,6265.42,1.15%,00,buy,buy,buy,13:37:36,162.05,18.48%,4.496,-10.58%,-11.14%,191.999,191.999,0.19%,1869.16,Y,0,0,G,-,,N,-,buy,-,26-07-20,210.48,24.77,13.34,3.8%,3.5%,"转债占流动市值比：3.8%
转债占总市值比：3.5%",0.00,300416,sz123060,有效期：-；质押代码：123060,123060；2021-01-27 开始转股,全价：191.999 最后更新：13:37:36
118002,天合转债,sh688599,天合光能,C,50.51,,2022-02-21,2027-08-12,2025-08-12,,,100.000,y,52.23,30,30,0,0.00,,,2.65,115.000,n,130.000,15,30,0,,X,52.520,52.520,AA,AA,无,,,,shkc,,,未到转股期,118002,2.5400,726599,718599,,N,N,63.350,buy,R,,8.54,N,2073667807.0,1219295285.0,Y,67.69,62289.09,2.89%,00,buy,buy,buy,13:37:42,134.01,18.24%,5.559,-4.94%,-5.51%,158.450,158.450,0.19%,22302.10,Y,0,0,,-,,N,-,buy,-,27-08-12,176.69,65.66,35.36,6.4%,3.7%,"转债占流动市值比：6.4%
转债占总市值比：3.7%",0.00,688599,sh118002,有效期：-；质押代码：118002,未到转股期；2022-02-21 开始转股,全价：158.450 最后更新：13:37:42
110074,精达转债,sh600577,精达股份,C,3.73,2021-04-26,2021-02-25,2026-08-18,2024-08-19,,,100.000,y,37.62,30,30,0,0.00,,,14.25,112.000,n,130.000,15,30,0,,N,7.870,5.099,AA,AA,无担保,,,,shmb,2022年1月7日公告：本次（2021年12月16日至2022年1月6日）不提前赎回，至 2022年7月6日均不提前赎回,,110074,110074,0.4090,704577,733577,,N,N,62.152,buy,R,,3.15,N,1995704423.0,1995704423.0,Y,6.94,19470.57,-1.14%,00,buy,buy,buy,13:37:42,186.06,18.68%,4.575,-13.18%,-13.70%,220.810,220.810,0.55%,15856.91,Y,0,0,G,-,,N,-,buy,-,26-08-18,239.49,4.85,2.61,3.7%,3.7%,"转债占流动市值比：3.7%
转债占总市值比：3.7%",0.00,600577,sh110074,有效期：-；质押代码：110074,110074；2021-02-25 开始转股,全价：220.810 最后更新：13:37:42
113577,春秋转债,sh603890,春秋电子,C,10.85,2021-09-03,2020-10-20,2026-04-13,2024-04-15,,,100.000,y,55.16,30,30,0,0.00,,,23.36,112.000,n,130.000,15,30,2,,X,2.400,1.777,AA-,AA-,股份质押担保和保证,,,,shmb,,,113577,113577,0.8750,753890,754890,,N,N,71.240,buy,R,,2.41,N,439175264.0,387107945.0,Y,13.77,8344.79,-2.20%,00,buy,buy,buy,13:37:05,126.91,19.23%,4.227,-5.89%,-6.56%,151.320,151.320,-2.88%,6321.28,Y,0,0,,-,,N,-,buy,-,26-04-13,170.55,14.11,7.59,3.3%,2.9%,"转债占流动市值比：3.3%
转债占总市值比：2.9%",0.00,603890,sh113577,有效期：-；质押代码：113577,113577；2020-10-20 开始转股,全价：151.320 最后更新：13:37:05
128033,迪龙转债,sz002658,雪迪龙,C,8.56,2021-10-19,2018-07-03,2023-12-27,2021-12-27,,,100.000,y,64.78,30,30,0,0.00,,,124.94,106.000,n,130.000,15,30,0,,X,5.200,2.977,AA,AA,无担保,,,,szmb,,,128033,128033,0.8596,082658,072658,,N,N,70.040,buy,,,2.32,N,630057171.0,332754681.0,Y,9.25,45588.72,-7.50%,00,buy,buy,buy,13:37:42,108.06,19.05%,1.932,-8.94%,-9.59%,128.650,128.650,-2.91%,48168.89,Y,1,1,,-,,N,-,buy,-,23-12-27,147.70,11.13,5.99,9.7%,5.1%,"转债占流动市值比：9.7%
转债占总市值比：5.1%",0.00,002658,sz128033,有效期：-；质押代码：128033,128033；2018-07-03 开始转股,全价：128.650 最后更新：13:37:42
113011,光大转债,sh601818,光大银行,C,3.55,2021-07-21,2017-09-18,2023-03-17,,,,,n,,0,0,0,0.75,2022-01-21,2022-01-21,0.87,105.000,n,130.000,15,30,0,,X,300.000,241.980,AAA,AAA,无担保,,,,shmb,,,113011,113011,0.7530,764818,783818,4,N,N,,buy,R,,0.39,Y,54031918195.0,41353182695.0,Y,3.41,27526.64,-1.16%,00,buy,buy,buy,13:37:38,96.06,19.69%,1.151,-6.29%,-7.32%,114.970,114.970,-0.03%,24130.38,Y,0,0,,-,,N,-,buy,-,23-03-17,134.66,4.62,-,17.2%,13.1%,"转债占流动市值比：17.2%
转债占总市值比：13.1%",0.00,601818,sh113011,有效期：2022-01-21 到 2022-01-21；质押代码：113011,113011；2017-09-18 开始转股,全价：114.970 最后更新：13:37:38
128141,旺能转债,sz002034,旺能环境,C,15.97,2021-05-31,2021-06-23,2026-12-16,2024-12-16,,,100.000,y,58.74,30,30,0,0.00,,,2.58,110.000,n,130.000,15,30,0,,X,14.000,12.702,AA,AA,无担保,,,,szmb,,,128141,128141,3.3225,082034,072034,,N,N,69.760,buy,,,1.58,N,429491129.0,426240243.0,Y,19.03,5111.76,-1.60%,00,buy,buy,buy,13:37:42,119.16,19.44%,4.904,-4.36%,-4.86%,142.323,142.323,-1.37%,4731.99,Y,0,0,,-,,N,-,buy,-,26-12-16,161.76,20.76,11.18,15.7%,15.5%,"转债占流动市值比：15.7%
转债占总市值比：15.5%",0.00,002034,sz128141,有效期：-；质押代码：128141,128141；2021-06-23 开始转股,全价：142.323 最后更新：13:37:42
113570,百达转债,sh603331,百达精工,C,11.34,2021-06-30,2020-09-17,2026-03-10,2024-03-11,,,100.000,y,65.55,30,30,0,0.00,,,2.58,110.000,n,130.000,15,30,0,,X,2.800,2.799,A+,A+,股份质押的担保,,,,shmb,,,113570,113570,2.1800,753331,754331,,N,N,46.370,buy,,,2.47,N,178159917.0,175419917.0,Y,12.11,1011.15,0.75%,00,buy,buy,buy,13:36:11,106.79,19.48%,4.134,-2.56%,-3.17%,127.590,127.590,-0.74%,919.82,Y,0,0,,-,,N,-,buy,-,26-03-10,147.07,14.74,7.94,13.2%,13.0%,"转债占流动市值比：13.2%
转债占总市值比：13.0%",0.00,603331,sh113570,有效期：-；质押代码：113570,113570；2020-09-17 开始转股,全价：127.590 最后更新：13:36:11
128097,奥佳转债,sz002614,奥佳华,C,10.39,2021-04-30,2020-09-02,2026-02-25,2024-02-26,,,100.000,y,58.65,30,30,0,0.00,,,1.31,110.000,n,130.000,15,30,1,,X,12.000,4.586,AA-,AA-,无担保,,,,szmb,,,128097,128097,2.1380,082614,072614,,N,N,75.270,buy,,,1.64,N,630693012.0,448080169.0,Y,12.40,4740.91,0.24%,00,buy,buy,buy,13:37:24,119.35,19.65%,4.099,-5.27%,-5.87%,142.800,142.800,0.07%,855.98,Y,0,0,,-,,N,-,buy,-,26-02-25,162.45,13.51,7.27,8.3%,5.9%,"转债占流动市值比：8.3%
转债占总市值比：5.9%",0.00,002614,sz128097,有效期：-；质押代码：128097,128097；2020-09-02 开始转股,全价：142.800 最后更新：13:37:24
123057,美联转债,sz300586,美联新材,C,9.50,2021-07-12,2021-01-07,2026-06-30,2024-07-01,,,100.000,y,60.95,30,30,0,0.00,,,12.70,112.000,n,130.000,15,30,0,,N,2.070,2.066,AA-,AA-,无担保,,,,szcy,2021年12月13日公告：本次（2021年11月19日至2021年12月13日）不提前赎回，至2022年6月13日均提前赎回,,123057,123057,0.4533,380586,370586,,N,N,82.410,buy,,,4.66,N,524473683.0,346950508.0,Y,10.91,3830.97,-0.91%,00,buy,buy,buy,13:37:42,114.84,19.94%,4.441,-3.53%,-4.20%,137.737,137.737,-1.53%,3636.38,Y,0,0,G,-,,N,-,buy,-,26-06-30,157.68,12.35,6.65,5.5%,3.6%,"转债占流动市值比：5.5%
转债占总市值比：3.6%",0.00,300586,sz123057,有效期：-；质押代码：123057,123057；2021-01-07 开始转股,全价：137.737 最后更新：13:37:42
113579,健友转债,sh603707,健友股份,C,32.20,2021-07-15,2020-10-29,2026-04-22,2024-04-22,,,100.000,y,61.72,30,30,0,0.00,,,1.57,109.000,n,130.000,15,30,2,,X,5.030,5.023,AA,AA,无担保,,,,shmb,,,113579,113579,0.7000,753707,754707,,N,N,89.020,buy,R,,10.21,N,1243600220.0,1240854555.0,Y,36.52,8834.96,-2.87%,00,buy,buy,buy,13:37:33,113.42,20.16%,4.252,-4.21%,-4.76%,136.290,136.290,-1.11%,1080.67,Y,0,0,,-,,N,-,buy,-,26-04-22,156.45,41.86,22.54,1.1%,1.1%,"转债占流动市值比：1.1%
转债占总市值比：1.1%",0.00,603707,sh113579,有效期：-；质押代码：113579,113579；2020-10-29 开始转股,全价：136.290 最后更新：13:37:33
113610,灵康转债,sh603669,灵康药业,C,8.61,2021-05-31,2021-06-07,2026-11-30,2024-11-29,,,100.000,y,68.49,30,30,0,0.00,,,1.27,115.000,n,130.000,15,30,0,,X,5.250,4.580,AA-,AA-,控股股东灵康控股保证的担保方式,,,,shmb,,,113610,113610,0.7350,753669,754669,,N,N,78.680,buy,,,4.31,N,721227382.0,721227382.0,Y,8.80,1322.43,-0.11%,00,buy,buy,buy,13:37:37,102.21,20.19%,4.860,-0.37%,-1.09%,122.850,122.850,0.44%,715.83,Y,0,0,,-,,N,-,buy,-,26-11-30,143.04,11.19,6.03,7.2%,7.2%,"转债占流动市值比：7.2%
转债占总市值比：7.2%",0.00,603669,sh113610,有效期：-；质押代码：113610,113610；2021-06-07 开始转股,全价：122.850 最后更新：13:37:37
128029,太阳转债,sz002078,太阳纸业,C,8.45,2021-07-08,2018-06-28,2022-12-22,2020-12-22,,,100.000,y,49.58,30,30,0,0.00,,,1.47,106.000,n,130.000,15,30,0,,N,12.000,9.086,AA+,AA+,无担保,,,,szmb,2022年1月1日公告：本次不提前赎回，至存续期结束前（即2022年12月22日前）均不行使提前赎回权利,,128029,128029,0.4628,082078,072078,,N,N,73.570,buy,R,,1.68,N,2687002843.0,2612712093.0,Y,11.93,18260.65,-0.42%,00,buy,buy,buy,13:37:42,141.18,20.56%,0.918,-41.09%,-41.86%,170.202,170.202,-0.47%,2277.88,Y,0,0,G,-,,N,-,buy,-,22-12-22,190.76,10.98,5.92,2.9%,2.8%,"转债占流动市值比：2.9%
转债占总市值比：2.8%",0.00,002078,sz128029,有效期：-；质押代码：128029,128029；2018-06-28 开始转股,全价：170.202 最后更新：13:37:42
127020,中金转债,sz000060,中金岭南,C,4.63,2021-06-18,2021-01-25,2026-07-19,2024-07-22,,,100.000,y,66.14,30,30,0,0.00,,,0.24,110.000,n,130.000,15,30,0,,X,38.000,34.279,AA+,AA+,无担保,,,,szmb,,,127020,127020,1.0645,080060,070060,,N,N,55.990,buy,R,,1.36,N,3650034613.0,3648835938.0,Y,4.90,14156.81,-0.81%,00,buy,buy,buy,13:37:24,105.83,20.66%,4.493,-2.62%,-3.14%,127.692,127.692,-0.15%,1031.05,Y,0,0,,-,,N,-,buy,-,26-07-19,148.35,6.02,3.24,19.2%,19.2%,"转债占流动市值比：19.2%
转债占总市值比：19.2%",0.00,000060,sz127020,有效期：-；质押代码：127020,127020；2021-01-25 开始转股,全价：127.692 最后更新：13:37:24
113048,晶科转债,sh601778,晶科科技,C,5.46,2021-10-27,2021-10-29,2027-04-22,2025-04-22,,,100.000,y,53.60,30,30,0,0.00,,,2.02,112.000,n,130.000,15,30,0,,N,30.000,22.968,AA,AA,无,,,,shmb,2021年11月19日公告：本次（2021年10月29日至2021年11月18日）不行使提前赎回权利，至2022年5月18日均不提前赎回,,113048,113048,1.0840,764778,783778,,N,N,37.350,buy,,,1.74,N,2894294611.0,2040894611.0,Y,7.13,14732.87,0.42%,00,buy,buy,buy,13:37:40,130.59,20.67%,5.252,-5.59%,-6.11%,157.580,157.580,0.21%,7315.91,Y,1,1,G,-,,N,-,buy,-,27-04-22,178.25,7.10,3.82,15.8%,11.1%,"转债占流动市值比：15.8%
转债占总市值比：11.1%",0.00,601778,sh113048,有效期：-；质押代码：113048,113048；2021-10-29 开始转股,全价：157.580 最后更新：13:37:40
113044,大秦转债,sh601006,大秦铁路,C,7.18,2021-07-08,2021-06-18,2026-12-13,2024-12-13,,,100.000,y,75.81,30,30,0,0.73,2022-01-21,2022-01-21,0.18,108.000,n,120.000,15,30,0,,X,320.000,319.992,AAA,AAA,无担保,,,,shmb,,,113044,113044,2.1520,764006,783006,,N,N,72.460,buy,R,,0.80,N,14866908025.0,14866908025.0,Y,6.63,24518.12,0.61%,00,buy,buy,buy,13:37:38,92.34,20.91%,4.896,0.42%,-0.10%,111.650,111.650,0.17%,6539.29,Y,0,0,,-,,N,-,buy,-,26-12-13,132.56,8.62,5.03,32.5%,32.5%,"转债占流动市值比：32.5%
转债占总市值比：32.5%",0.00,601006,sh113044,有效期：2022-01-21 到 2022-01-21；质押代码：113044,113044；2021-06-18 开始转股,全价：111.650 最后更新：13:37:38
128137,洁美转债,sz002859,洁美科技,C,27.63,2021-06-03,2021-05-10,2026-11-03,2024-11-04,,,100.000,y,57.32,30,30,0,0.00,,,0.15,112.000,n,130.000,15,30,0,,N,6.000,5.994,AA-,AA-,,,,,szmb,2021年12月28日公告：本次（2021年11月16日至2021年12月27日）不提前赎回，至2022年6月27日均不提前赎回,,128137,128137,1.4645,082859,072859,,N,N,81.230,buy,,,6.67,N,410020847.0,402836495.0,Y,33.74,6671.42,0.42%,00,buy,buy,buy,13:37:39,122.11,21.29%,4.786,-4.91%,-5.48%,148.110,148.110,-0.28%,133.29,Y,0,0,G,-,,N,-,buy,-,26-11-03,169.40,35.92,19.34,4.4%,4.3%,"转债占流动市值比：4.4%
转债占总市值比：4.3%",0.00,002859,sz128137,有效期：-；质押代码：128137,128137；2021-05-10 开始转股,全价：148.110 最后更新：13:37:39
127038,国微转债,sz002049,紫光国微,C,137.78,,2021-12-17,2027-06-09,2025-06-09,,,100.000,y,44.12,30,30,0,0.00,,,1.75,110.000,n,130.000,15,30,0,,N,15.000,14.948,AA+,AA+,无,,,,szmb,2022年1月8日公告：本次（2021年12月17日至2022年1月7日）不提前赎回，至 2022年7月7日均不提前赎回,,127038,127038,2.4719,082049,072049,,N,N,46.570,buy,R,,19.66,N,606837179.0,606837179.0,Y,218.60,82135.13,-1.73%,00,buy,buy,buy,13:37:39,158.66,21.57%,5.384,-9.35%,-9.76%,192.877,192.877,-1.02%,5037.74,Y,0,0,G,-,,N,-,buy,-,27-06-09,214.45,179.11,96.45,1.1%,1.1%,"转债占流动市值比：1.1%
转债占总市值比：1.1%",0.00,002049,sz127038,有效期：-；质押代码：127038,127038；2021-12-17 开始转股,全价：192.877 最后更新：13:37:39
123050,聚飞转债,sz300303,聚飞光电,C,5.08,2021-06-30,2020-10-20,2026-04-13,2024-04-15,,,100.000,y,60.68,30,30,0,0.00,,,2.16,118.000,n,130.000,15,30,0,,X,7.050,3.746,AA-,AA-,无担保,,,,szcy,,,123050,123050,0.5513,380303,370303,,N,N,43.220,buy,,,2.78,N,1342588701.0,1223105685.0,Y,5.86,9908.05,-0.85%,00,buy,buy,buy,13:37:42,115.35,21.34%,4.227,-2.92%,-3.83%,139.970,139.970,-0.19%,1129.66,Y,0,0,,-,,N,-,buy,-,26-04-13,161.31,6.60,3.56,5.2%,4.8%,"转债占流动市值比：5.2%
转债占总市值比：4.8%",0.00,300303,sz123050,有效期：-；质押代码：123050,123050；2020-10-20 开始转股,全价：139.970 最后更新：13:37:42
113599,嘉友转债,sh603871,嘉友国际,C,18.32,2021-06-15,2021-02-18,2026-08-04,2024-08-04,,,100.000,y,62.83,30,30,0,0.00,,,2.61,120.000,n,130.000,15,30,0,,X,7.200,7.198,AA-,AA-,无担保,,,,shmb,,,113599,113599,3.2790,753871,754871,,N,N,90.430,buy,,,2.95,N,316960704.0,285385258.0,Y,20.41,1046.73,-1.54%,00,buy,buy,buy,13:37:25,111.41,21.60%,4.537,-1.69%,-2.59%,135.470,135.470,1.05%,2540.78,Y,0,0,,-,,N,-,buy,-,26-08-04,157.07,23.82,12.82,12.4%,11.1%,"转债占流动市值比：12.4%
转债占总市值比：11.1%",0.00,603871,sh113599,有效期：-；质押代码：113599,113599；2021-02-18 开始转股,全价：135.470 最后更新：13:37:25
128076,金轮转债,sz002722,金轮股份,C,14.66,2021-05-31,2020-04-20,2025-10-14,2023-10-13,,,100.000,y,66.72,30,30,0,0.00,,,3.74,110.000,n,130.000,15,30,0,,X,2.140,2.138,AA-,AA-,无担保,,,,szmb,,,128076,128076,1.2196,082722,072722,,N,N,37.890,buy,,,1.35,N,175478558.0,175462283.0,Y,15.38,1999.70,0.46%,00,buy,buy,buy,13:37:03,104.91,21.62%,3.732,-2.96%,-3.61%,127.594,127.594,-0.18%,1019.21,Y,0,0,,-,,N,-,buy,-,25-10-14,149.21,19.06,10.26,7.9%,7.9%,"转债占流动市值比：7.9%
转债占总市值比：7.9%",0.00,002722,sz128076,有效期：-；质押代码：128076,128076；2020-04-20 开始转股,全价：127.594 最后更新：13:37:03
128140,润建转债,sz002929,润建股份,C,26.40,2021-06-07,2021-06-15,2026-12-04,2024-12-06,,,100.000,y,53.03,30,30,0,0.00,,,0.65,110.000,n,130.000,15,30,0,,N,10.900,10.897,AA,AA,无担保,,,,szmb,2021年11月25日公告：本次（2021年11月08日至2021年11月24日）不行使提前赎回权利，至2022年12月31日均不提前赎回,,128140,128140,4.9377,082929,072929,,N,N,83.270,buy,,,2.26,N,228728817.0,168506828.0,Y,34.85,6317.88,-1.27%,00,buy,buy,buy,13:37:42,132.01,22.03%,4.871,-6.81%,-7.30%,161.089,161.089,-2.37%,1145.73,Y,0,0,G,-,,N,-,buy,-,26-12-04,183.12,34.32,18.48,18.6%,13.7%,"转债占流动市值比：18.6%
转债占总市值比：13.7%",0.00,002929,sz128140,有效期：-；质押代码：128140,128140；2021-06-15 开始转股,全价：161.089 最后更新：13:37:42
110063,鹰19转债,sh600567,山鹰国际,C,3.26,2021-07-05,2020-06-19,2025-12-12,2023-12-12,,,100.000,y,70.65,30,30,0,0.00,,,0.11,111.000,n,130.000,15,30,0,,X,18.600,18.092,AA+,AA+,无担保,,,,shmb,,,110063,110063,0.4120,704567,733567,,N,N,31.650,buy,R,,0.90,N,4616166707.0,4616166707.0,Y,3.23,11131.70,-1.52%,00,buy,buy,buy,13:35:11,99.08,22.88%,3.893,-1.39%,-2.08%,121.750,121.750,-0.64%,236.69,Y,0,0,,-,,N,-,buy,-,25-12-12,144.63,4.24,2.28,12.1%,12.1%,"转债占流动市值比：12.1%
转债占总市值比：12.1%",0.00,600567,sh110063,有效期：-；质押代码：110063,110063；2020-06-19 开始转股,全价：121.750 最后更新：13:35:11
128066,亚泰转债,sz002811,郑中设计,C,9.27,2021-06-15,2019-10-23,2025-04-17,2023-04-17,,,100.000,y,73.40,30,30,0,0.00,,,0.56,112.000,n,130.000,15,30,0,,X,4.800,4.798,AA-,AA-,"连带责任保证,保证人深圳市亚泰一兆投资有限公司",,,,szmb,,,128066,128066,2.6666,082811,072811,,N,N,77.910,buy,,,1.56,N,270023688.0,239078995.0,Y,8.84,582.40,-0.67%,00,buy,buy,buy,13:37:36,95.36,22.73%,3.238,-0.09%,-1.00%,117.040,117.040,-0.39%,313.69,Y,1,1,,-,,N,-,buy,-,25-04-17,139.77,12.05,6.49,22.7%,20.1%,"转债占流动市值比：22.7%
转债占总市值比：20.1%",0.00,002811,sz128066,有效期：-；质押代码：128066,128066；2019-10-23 开始转股,全价：117.040 最后更新：13:37:36
113033,利群转债,sh601366,利群股份,C,7.01,2020-07-20,2020-10-09,2026-03-31,2024-04-01,,,100.000,y,75.03,30,30,0,0.00,,,1.66,110.000,n,130.000,15,30,0,,X,18.000,17.998,AA,AA,无担保,,,,shmb,,,113033,113033,2.0910,764366,783366,,N,N,50.370,buy,,,1.22,N,860527080.0,834046738.0,Y,6.54,9711.74,1.87%,00,buy,buy,buy,13:37:37,93.30,22.84%,4.192,0.06%,-0.57%,114.610,114.610,0.40%,3414.32,Y,0,0,,-,,N,-,buy,-,26-03-31,137.45,9.11,4.91,33.0%,32.0%,"转债占流动市值比：33.0%
转债占总市值比：32.0%",0.00,601366,sh113033,有效期：-；质押代码：113033,113033；2020-10-09 开始转股,全价：114.610 最后更新：13:37:37
128134,鸿路转债,sz002541,鸿路钢构,C,43.51,2021-06-09,2021-04-15,2026-10-08,2024-10-08,,,100.000,y,55.42,30,30,0,0.00,,,1.44,110.000,n,130.000,15,30,1,,X,18.800,15.728,AA,AA,无担保,,,,szmb,,,128134,128134,3.5897,082541,072541,,N,N,82.450,buy,,,4.20,N,530777158.0,378273361.0,Y,54.96,16285.87,0.75%,00,buy,buy,buy,13:37:24,126.32,22.86%,4.715,-6.30%,-6.80%,155.200,155.200,1.10%,3533.08,Y,0,0,,-,,N,-,buy,-,26-10-08,178.06,56.56,30.46,7.6%,5.4%,"转债占流动市值比：7.6%
转债占总市值比：5.4%",0.00,002541,sz128134,有效期：-；质押代码：128134,128134；2021-04-15 开始转股,全价：155.200 最后更新：13:37:24
110075,南航转债,sh600029,南方航空,C,6.24,,2021-04-21,2026-10-14,2024-10-14,,,100.000,y,60.58,30,30,0,0.91,2022-01-21,2022-01-21,1.58,106.500,n,130.000,15,30,0,,X,160.000,58.960,AAA,AAA,无担保,,,,shmb,,,110075,110075,1.4470,704029,733029,,N,N,76.060,buy,R,,1.66,N,16948438028.0,10219858722.0,Y,7.21,52390.26,0.42%,00,buy,buy,buy,13:37:40,115.54,22.89%,4.732,-5.35%,-5.70%,141.990,141.990,1.12%,13125.76,Y,0,0,,-,,N,-,buy,-,26-10-14,164.88,8.11,4.37,8.0%,4.8%,"转债占流动市值比：8.0%
转债占总市值比：4.8%",0.00,600029,sh110075,有效期：2022-01-21 到 2022-01-21；质押代码：110075,110075；2021-04-21 开始转股,全价：141.990 最后更新：13:37:40
123107,温氏转债,sz300498,温氏股份,C,17.62,2021-07-08,2021-10-08,2027-03-28,2025-03-28,,,100.000,y,63.28,30,30,0,0.87,2022-01-21,2022-01-21,0.75,108.000,n,130.000,15,30,0,,X,92.970,92.965,AAA,AAA,无,,,,szcy,,,123107,123107,1.4587,380498,370498,,N,N,73.790,buy,R,,3.43,N,6351814344.0,4728906382.0,Y,19.49,43914.80,-3.37%,00,buy,buy,buy,13:37:39,110.61,22.93%,5.184,-3.57%,-4.00%,135.969,135.969,-0.39%,9457.68,Y,0,0,,-,,N,-,buy,-,27-03-28,158.90,22.91,12.33,10.1%,7.5%,"转债占流动市值比：10.1%
转债占总市值比：7.5%",0.00,300498,sz123107,有效期：2022-01-21 到 2022-01-21；质押代码：123107,123107；2021-10-08 开始转股,全价：135.969 最后更新：13:37:39
128034,江银转债,sz002807,江阴银行,C,4.32,2021-05-13,2018-08-01,2024-01-26,,,,,y,,15,30,0,0.00,,,2.82,106.000,n,130.000,15,30,0,,X,20.000,17.581,AA+,AA+,无担保,,,,szmb,,,128034,128034,1.1316,082807,072807,,N,N,37.000,buy,,,0.70,N,2172009851.0,2169436768.0,Y,4.04,7983.85,-0.98%,00,buy,buy,buy,13:37:42,93.52,23.05%,2.014,-3.01%,-3.75%,115.075,115.075,-1.14%,5691.20,Y,2,2,,-,,N,-,buy,-,24-01-26,138.12,5.62,-,20.1%,20.0%,"转债占流动市值比：20.1%
转债占总市值比：20.0%",0.00,002807,sz128034,有效期：-；质押代码：128034,128034；2018-08-01 开始转股,全价：115.075 最后更新：13:37:42
113527,维格转债,sh603518,锦泓集团,C,9.85,2020-08-05,2019-07-30,2025-01-23,2023-01-23,,,100.000,y,62.51,30,30,0,0.00,,,27.91,115.000,n,130.000,15,30,1,,X,7.460,2.864,AA,AA,无担保,,,,shmb,,,113527,113527,4.1310,753518,754518,,N,N,4.910,buy,,,1.32,N,296628771.0,296628771.0,Y,11.03,5822.73,1.38%,00,buy,buy,buy,13:37:42,111.98,23.08%,3.008,-4.73%,-5.77%,137.820,137.820,0.61%,11192.61,Y,1,1,,-,,N,-,buy,-,25-01-23,160.90,12.80,6.89,8.8%,8.8%,"转债占流动市值比：8.8%
转债占总市值比：8.8%",0.00,603518,sh113527,有效期：-；质押代码：113527,113527；2019-07-30 开始转股,全价：137.820 最后更新：13:37:42
127045,牧原转债,sz002714,牧原股份,C,47.91,,2022-02-21,2027-08-16,2025-08-15,,,100.000,y,60.69,30,30,0,0.00,,,0.42,107.000,n,130.000,15,30,0,,X,95.500,95.500,AA+,AA+,无,,,,szmb,,,未到转股期,127045,1.8145,082714,072714,,N,N,84.360,buy,R,,5.17,Y,5262358594.0,3606462815.0,Y,55.26,156567.67,-3.39%,00,buy,buy,buy,13:37:42,115.34,23.14%,5.570,-4.37%,-4.71%,142.028,142.028,-1.21%,5650.08,Y,0,0,,-,,N,-,buy,-,27-08-16,165.17,62.28,33.54,4.8%,3.3%,"转债占流动市值比：4.8%
转债占总市值比：3.3%",0.00,002714,sz127045,有效期：-；质押代码：127045,未到转股期；2022-02-21 开始转股,全价：142.028 最后更新：13:37:42
113620,傲农转债,sh603363,傲农生物,C,14.52,2022-01-19,2021-09-16,2027-03-09,2025-03-10,,,100.000,y,60.25,30,30,0,0.00,,,28.44,116.000,n,130.000,15,30,0,,X,10.000,9.997,AA,AA,无,,,,shmb,,,113620,113620,1.4830,753363,754363,,N,N,63.860,buy,R,,4.96,N,684412775.0,656385890.0,Y,16.87,39462.04,-0.41%,00,buy,buy,buy,13:37:38,116.18,23.25%,5.132,-3.27%,-3.93%,143.190,143.190,-2.50%,41530.24,Y,0,0,,-,,N,-,buy,-,27-03-09,166.44,18.88,10.16,9.0%,8.7%,"转债占流动市值比：9.0%
转债占总市值比：8.7%",0.00,603363,sh113620,有效期：-；质押代码：113620,113620；2021-09-16 开始转股,全价：143.190 最后更新：13:37:38
123087,明电转债,sz300739,明阳电路,C,16.32,2021-05-24,2021-06-21,2026-12-14,2025-12-15,,,100.000,y,58.18,30,30,0,0.00,,,2.53,115.000,n,130.000,15,30,0,,X,6.730,4.189,AA-,AA-,无担保,,,,szcy,,,123087,123087,2.4094,380739,370739,,N,N,84.410,buy,R,,2.90,N,294757909.0,288241054.0,Y,16.83,2323.76,0.78%,00,buy,buy,buy,13:37:42,103.12,23.28%,4.899,-1.06%,-1.77%,127.123,127.123,-0.22%,1346.00,Y,1,1,,-,,N,-,buy,-,26-12-14,150.40,21.22,9.79,8.6%,8.4%,"转债占流动市值比：8.6%
转债占总市值比：8.4%",0.00,300739,sz123087,有效期：-；质押代码：123087,123087；2021-06-21 开始转股,全价：127.123 最后更新：13:37:42
110038,济川转债,sh600566,济川药业,C,23.40,2021-05-26,2018-05-17,2022-11-12,2020-11-13,,,100.000,y,44.55,30,30,0,0.00,,,9.71,100.000,y,125.000,15,30,2,,X,8.430,6.302,AA,AA,无担保,,,,shmb,,,110038,110038,1.0410,704566,733566,,N,N,15.921,buy,R,,2.69,N,888273021.0,888273021.0,Y,26.26,22760.23,-1.20%,00,buy,buy,buy,13:37:40,112.22,23.47%,0.808,-29.08%,-30.16%,138.560,138.560,0.83%,8371.31,Y,1,1,,-,,N,-,buy,-,22-11-12,162.03,29.25,11.70,2.7%,2.7%,"转债占流动市值比：2.7%
转债占总市值比：2.7%",0.00,600566,sh110038,有效期：-；质押代码：110038,110038；2018-05-17 开始转股,全价：138.560 最后更新：13:37:40
113516,苏农转债,sh603323,苏农银行,C,5.37,2021-06-08,2019-02-11,2024-08-01,,,,,n,,15,30,0,0.00,,,0.66,110.000,n,130.000,15,30,0,,X,25.000,12.885,AA+,AA+,无担保,,,,shmb,,,113516,113516,1.7260,753323,754323,,N,N,28.630,buy,R,,0.73,N,1803070253.0,1517793985.0,Y,5.32,7979.03,-1.30%,00,buy,buy,buy,13:37:35,99.07,23.41%,2.529,-3.01%,-3.92%,122.260,122.260,-1.75%,1048.64,Y,0,0,,-,,N,-,buy,-,24-08-01,145.67,6.98,-,16.0%,13.4%,"转债占流动市值比：16.0%
转债占总市值比：13.4%",0.00,603323,sh113516,有效期：-；质押代码：113516,113516；2019-02-11 开始转股,全价：122.260 最后更新：13:37:35
128101,联创转债,sz002036,联创电子,C,13.72,2021-06-07,2020-09-21,2026-03-16,2024-03-18,,,100.000,y,44.36,30,30,0,0.00,,,11.80,110.000,n,130.000,15,30,13,,X,3.000,2.995,AA,AA,无担保,,,,szmb,,,128101,128101,0.4208,082036,072036,,N,N,25.381,buy,R,,5.83,N,1062824950.0,1045944418.0,Y,21.65,37745.07,-0.78%,00,buy,buy,buy,13:37:42,157.80,23.42%,4.151,-12.16%,-12.68%,194.754,194.754,0.36%,6908.89,Y,0,0,,-,,N,-,buy,-,26-03-16,218.17,17.84,9.60,1.3%,1.3%,"转债占流动市值比：1.3%
转债占总市值比：1.3%",0.00,002036,sz128101,有效期：-；质押代码：128101,128101；2020-09-21 开始转股,全价：194.754 最后更新：13:37:42
113047,旗滨转债,sh601636,旗滨集团,C,12.80,2021-06-18,2021-10-15,2027-04-08,2025-04-08,,,100.000,y,50.39,30,30,0,0.00,,,7.32,110.000,n,130.000,15,30,0,,N,15.000,14.991,AA+,AA+,,,,,shmb,2021年12月22日公告：本次（2021年11月24日至2021年12月21日）不提前赎回，至2022年2月21日均不提前赎回,,113047,113047,0.5640,764636,783636,,N,N,65.120,buy,R,,3.81,N,2686288065.0,2686288065.0,Y,17.78,84948.38,1.20%,00,buy,buy,buy,13:37:42,138.91,23.43%,5.214,-7.62%,-8.05%,171.460,171.460,1.20%,18963.07,Y,0,0,G,-,,N,-,buy,-,27-04-08,194.89,16.64,8.96,3.1%,3.1%,"转债占流动市值比：3.1%
转债占总市值比：3.1%",0.00,601636,sh113047,有效期：-；质押代码：113047,113047；2021-10-15 开始转股,全价：171.460 最后更新：13:37:42
113050,南银转债,sh601009,南京银行,C,10.10,,2021-12-21,2027-06-14,,,,,y,,0,0,0,0.79,2022-01-21,2022-01-21,0.32,107.000,n,130.000,15,30,0,,X,200.000,200.000,AAA,AAA,无,,,,shmb,,,113050,113050,1.9980,764009,783009,,N,N,67.900,buy,R,,0.85,Y,10007089247.0,8482280198.0,Y,9.97,31692.26,-1.09%,00,buy,buy,buy,13:37:41,98.71,23.49%,5.397,-1.71%,-2.08%,121.900,121.900,-0.24%,7915.82,Y,0,0,,-,,N,-,buy,-,27-06-14,145.39,13.13,-,23.6%,20.0%,"转债占流动市值比：23.6%
转债占总市值比：20.0%",0.00,601009,sh113050,有效期：2022-01-21 到 2022-01-21；质押代码：113050,113050；2021-12-21 开始转股,全价：121.900 最后更新：13:37:41
110047,山鹰转债,sh600567,山鹰国际,C,3.30,2021-07-05,2019-05-27,2024-11-21,2022-11-21,,,100.000,y,71.52,30,30,0,0.00,,,0.16,113.000,n,130.000,15,30,0,,X,23.000,22.455,AA+,AA+,无担保,,,,shmb,,,110047,110047,0.5030,704567,733567,,N,N,14.080,buy,R,,0.90,N,4616166707.0,4616166707.0,Y,3.23,11131.70,-1.52%,00,buy,buy,buy,13:37:31,97.88,24.05%,2.836,-1.47%,-2.47%,121.420,121.420,-0.59%,441.63,Y,0,0,,-,,N,-,buy,-,24-11-21,145.47,4.29,2.31,15.1%,15.1%,"转债占流动市值比：15.1%
转债占总市值比：15.1%",0.00,600567,sh110047,有效期：-；质押代码：110047,110047；2019-05-27 开始转股,全价：121.420 最后更新：13:37:31
110071,湖盐转债,sh600929,雪天盐业,C,6.52,2021-05-31,2021-01-18,2026-07-09,2024-07-09,,,100.000,y,65.86,30,30,0,0.00,,,2.95,110.000,n,130.000,15,30,0,,X,7.200,7.198,AA,AA,无担保,2022-01-21,2022-01-21,2022-01-21 至 2022-01-21 期间暂停转股：限制性股票激励计划,shmb,,,110071,110071,0.7840,704929,733929,,N,N,78.196,buy,R,,2.38,N,931898142.0,917779062.0,Y,6.93,4776.90,-2.67%,00,buy,buy,buy,13:36:58,106.29,23.87%,4.466,-3.06%,-3.63%,131.660,131.660,-1.19%,2809.80,N,0,0,,-,,N,-,buy,-,26-07-09,155.53,8.48,4.56,11.3%,11.1%,"转债占流动市值比：11.3%
转债占总市值比：11.1%",0.00,600929,sh110071,有效期：-；质押代码：110071,110071；2021-01-18 开始转股;2022-01-21 至 2022-01-21 期间暂停转股：限制性股票激励计划,全价：131.660 最后更新：13:36:58
127005,长证转债,sz000783,长江证券,C,7.13,2021-07-20,2018-09-17,2024-03-12,,,,,y,,15,30,0,0.85,2022-01-21,2022-01-21,0.15,105.000,n,130.000,15,30,0,,X,50.000,49.965,AAA,AAA,无担保,,,,szmb,,,127005,127005,0.9042,080783,070783,,N,N,50.330,buy,R,,1.33,N,5529950496.0,5529950496.0,Y,7.33,9999.93,-0.41%,00,buy,buy,buy,13:37:39,102.81,23.88%,2.140,-7.43%,-8.08%,127.357,127.357,-0.35%,972.95,Y,0,0,,-,,N,-,buy,-,24-03-12,151.24,9.27,-,12.3%,12.3%,"转债占流动市值比：12.3%
转债占总市值比：12.3%",0.00,000783,sz127005,有效期：2022-01-21 到 2022-01-21；质押代码：127005,127005；2018-09-17 开始转股,全价：127.357 最后更新：13:37:39
128120,联诚转债,sz002921,联诚精密,C,18.44,2021-05-11,2021-01-25,2026-07-16,2024-07-16,,,100.000,y,70.00,30,30,0,0.00,,,1.59,112.000,n,130.000,15,30,0,,X,2.600,2.600,A,A,实际控制人提供股票质押担保和保证担保,,,,szmb,,,128120,128120,3.1862,082921,072921,,N,N,69.810,buy,,,2.21,N,106080816.0,81816321.0,Y,18.44,2312.85,-2.43%,00,buy,buy,buy,13:37:42,100.00,24.00%,4.485,-1.14%,-1.83%,123.998,123.998,-0.96%,517.51,Y,0,0,,-,,N,-,buy,-,26-07-16,148.00,23.97,12.91,17.2%,13.3%,"转债占流动市值比：17.2%
转债占总市值比：13.3%",0.00,002921,sz128120,有效期：-；质押代码：128120,128120；2021-01-25 开始转股,全价：123.998 最后更新：13:37:42
123114,三角转债,sz300775,三角防务,C,31.82,,2021-11-30,2027-05-24,2025-05-26,,,100.000,y,51.85,30,30,0,0.00,,,3.09,115.000,n,130.000,15,30,0,,N,9.044,9.037,AA-,AA-,无,,,,szcy,2021年12月27日公告：本次（2021年11月30日至2021年12月27日）不提前赎回，至2022年6月27日均不提前赎回,,123114,123114,1.8251,380775,370775,,N,N,70.489,buy,,,9.18,N,495521729.0,264021729.0,Y,42.96,20191.11,0.26%,00,buy,buy,buy,13:37:42,135.01,24.03%,5.340,-6.01%,-6.62%,167.450,167.450,0.51%,4670.58,Y,0,0,G,-,,N,-,buy,-,27-05-24,191.48,41.37,22.27,8.0%,4.2%,"转债占流动市值比：8.0%
转债占总市值比：4.2%",0.00,300775,sz123114,有效期：-；质押代码：123114,123114；2021-11-30 开始转股,全价：167.450 最后更新：13:37:42
110048,福能转债,sh600483,福能股份,C,7.85,2021-07-28,2019-06-13,2024-12-06,2022-12-07,,,100.000,y,39.31,30,30,0,0.00,,,7.79,109.000,n,130.000,15,30,0,,N,28.300,12.763,AA+,AA+,无担保,,,,shmb,2021年10月29日公告：本次（2021年10月8日至2021年10月28日）不行使福能转债的提前赎回权利，至2022年1月28日均不提前赎回,,110048,110048,1.8230,704483,733483,,N,N,32.130,buy,R,,1.59,N,1954540075.0,1745999119.0,Y,13.98,21307.51,1.67%,00,buy,buy,buy,13:37:41,178.09,23.95%,2.877,-21.17%,-21.73%,220.740,220.740,1.93%,22000.88,Y,0,0,G,-,,N,-,buy,-,24-12-06,244.69,10.21,5.50,5.2%,4.7%,"转债占流动市值比：5.2%
转债占总市值比：4.7%",0.00,600483,sh110048,有效期：-；质押代码：110048,110048；2019-06-13 开始转股,全价：220.740 最后更新：13:37:41
127013,创维转债,sz000810,创维数字,C,11.29,2021-06-10,2019-10-21,2025-04-15,2023-04-17,,,100.000,y,61.60,30,30,0,0.00,,,19.74,113.000,n,130.000,15,30,1,,X,10.400,9.778,AA,AA,无担保,,,,szmb,,,127013,127013,0.9821,080810,070810,,N,N,26.600,buy,R,,3.13,N,1063237105.0,1030222093.0,Y,12.83,62230.85,-7.70%,00,buy,buy,buy,13:37:42,113.64,24.28%,3.233,-5.69%,-6.55%,141.230,141.230,-3.39%,27298.66,Y,0,0,,-,,N,-,buy,-,25-04-15,165.51,14.68,7.90,7.4%,7.2%,"转债占流动市值比：7.4%
转债占总市值比：7.2%",0.00,000810,sz127013,有效期：-；质押代码：127013,127013；2019-10-21 开始转股,全价：141.230 最后更新：13:37:42
123082,北陆转债,sz300016,北陆药业,C,8.81,2021-06-29,2021-06-11,2026-12-06,2024-12-06,,,100.000,y,71.29,30,30,0,0.00,,,1.31,115.000,n,130.000,15,30,0,,X,5.000,4.993,A+,A+,无担保,,,,szcy,,,123082,123082,1.0111,380016,370016,,N,N,71.430,buy,,,2.31,N,492717587.0,406759212.0,Y,8.65,6035.36,0.35%,00,buy,buy,buy,13:37:39,98.18,24.24%,4.877,-0.14%,-0.87%,121.983,121.983,-0.67%,803.43,Y,1,1,,-,,N,-,buy,-,26-12-06,146.22,11.45,6.17,14.2%,11.7%,"转债占流动市值比：14.2%
转债占总市值比：11.7%",0.00,300016,sz123082,有效期：-；质押代码：123082,123082；2021-06-11 开始转股,全价：121.983 最后更新：13:37:39
113049,长汽转债,sh601633,长城汽车,C,38.01,2021-11-11,2021-12-17,2027-06-09,2025-06-09,,,100.000,y,60.32,30,30,0,0.90,2022-01-21,2022-01-21,3.19,107.000,n,130.000,15,30,6,,X,35.000,34.993,AAA,AAA,无,,,,shmb,,,113049,113049,0.5730,764633,783633,,N,N,86.600,buy,R,,6.91,N,9235713278.0,6079850428.0,Y,44.11,42364.46,-0.74%,00,buy,buy,buy,13:37:40,116.05,24.53%,5.384,-4.92%,-5.25%,144.520,144.520,-1.46%,16211.26,Y,0,0,,-,,N,-,buy,-,27-06-09,169.05,49.41,26.61,1.3%,0.9%,"转债占流动市值比：1.3%
转债占总市值比：0.9%",0.00,601633,sh113049,有效期：2022-01-21 到 2022-01-21；质押代码：113049,113049；2021-12-17 开始转股,全价：144.520 最后更新：13:37:40
113502,嘉澳转债,sh603822,嘉澳环保,C,44.64,2021-06-24,2018-05-17,2023-11-09,2021-11-10,,,100.000,y,65.30,30,30,0,0.00,,,3.12,108.000,n,130.000,15,30,0,,X,1.850,1.844,AA-,A+,公司控股股东桐乡市顺昌投资有限公司,,,,shmb,,,113502,113502,2.5220,753822,754822,,N,N,59.814,buy,,,4.03,N,73362554.0,72518133.0,Y,47.85,7773.10,-3.88%,00,buy,buy,buy,13:36:10,107.19,24.55%,1.800,-10.38%,-11.26%,133.510,133.510,-1.53%,772.01,Y,0,0,,-,,N,-,buy,-,23-11-09,158.06,58.03,31.25,5.3%,5.3%,"转债占流动市值比：5.3%
转债占总市值比：5.3%",0.00,603822,sh113502,有效期：-；质押代码：113502,113502；2018-05-17 开始转股,全价：133.510 最后更新：13:36:10
113565,宏辉转债,sh603336,宏辉果蔬,C,7.64,2021-05-17,2020-09-03,2026-02-25,2024-02-26,,,100.000,y,68.39,30,30,0,0.00,,,21.03,112.000,n,130.000,15,30,0,,X,3.320,2.253,AA-,AA-,公司实际控制人担保,,,,shmb,,,113565,113565,1.4730,753336,754336,,N,N,80.610,buy,,,3.17,N,438679917.0,438679917.0,Y,7.82,7069.93,-0.51%,00,buy,buy,buy,13:37:39,102.36,24.61%,4.099,-1.97%,-2.70%,127.550,127.550,-0.69%,6041.07,Y,0,0,,-,,N,-,buy,-,26-02-25,152.16,9.93,5.35,6.6%,6.6%,"转债占流动市值比：6.6%
转债占总市值比：6.6%",0.00,603336,sh113565,有效期：-；质押代码：113565,113565；2020-09-03 开始转股,全价：127.550 最后更新：13:37:39
128144,利民转债,sz002734,利民股份,C,11.50,2021-09-07,2021-09-06,2027-02-28,2025-02-28,,,100.000,y,60.25,30,30,0,0.00,,,0.26,110.000,n,130.000,15,30,0,,X,9.800,9.795,AA,AA,无,,,,szmb,,,128144,128144,2.6306,082734,072734,,N,N,33.124,buy,,,1.83,N,372560656.0,325293528.0,Y,13.36,2395.37,-1.84%,00,buy,buy,buy,13:37:27,116.17,24.71%,5.107,-4.64%,-5.09%,144.873,144.873,-1.32%,374.60,Y,1,1,,-,,N,-,buy,-,27-02-28,169.58,14.95,8.05,22.5%,19.7%,"转债占流动市值比：22.5%
转债占总市值比：19.7%",0.00,002734,sz128144,有效期：-；质押代码：128144,128144；2021-09-06 开始转股,全价：144.873 最后更新：13:37:27
128090,汽模转2,sz002510,天汽模,C,4.23,2021-06-30,2020-07-03,2025-12-27,2023-12-27,,,100.000,y,68.86,30,30,0,0.00,,,2.80,110.000,n,130.000,15,30,0,,X,4.710,3.100,AA-,AA-,无担保,,,,szmb,,,128090,128090,0.5114,082510,072510,,N,N,41.350,buy,,,1.93,N,941616619.0,931317168.0,Y,4.30,6563.29,-0.92%,00,buy,buy,buy,13:37:42,101.65,24.74%,3.934,-2.65%,-3.27%,126.800,126.800,-0.33%,1102.97,Y,0,0,,-,,N,-,buy,-,25-12-27,151.54,5.50,2.96,7.7%,7.7%,"转债占流动市值比：7.7%
转债占总市值比：7.7%",0.00,002510,sz128090,有效期：-；质押代码：128090,128090；2020-07-03 开始转股,全价：126.800 最后更新：13:37:42
128053,尚荣转债,sz002551,尚荣医疗,C,4.88,2021-08-11,2019-08-20,2025-02-14,2023-02-14,,,100.000,y,64.57,30,30,0,0.00,,,15.67,110.000,n,130.000,15,30,0,,X,7.500,1.902,AA,AA,未提供担保,,,,szmb,,,128053,128053,1.0624,082551,072551,,N,N,15.800,buy,,,1.41,N,844682953.0,580891384.0,Y,5.29,6318.21,-2.04%,00,buy,buy,buy,13:37:42,108.40,24.82%,3.068,-5.46%,-6.23%,135.301,135.301,-1.74%,4057.22,Y,0,0,,-,,N,-,buy,-,25-02-14,160.12,6.34,3.42,6.2%,4.3%,"转债占流动市值比：6.2%
转债占总市值比：4.3%",0.00,002551,sz128053,有效期：-；质押代码：128053,128053；2019-08-20 开始转股,全价：135.301 最后更新：13:37:42
123014,凯发转债,sz300407,凯发电气,C,8.05,2021-06-03,2019-02-11,2023-07-27,2021-07-27,,,100.000,y,65.83,30,30,0,0.00,,,6.32,106.000,n,130.000,15,30,0,,X,3.499,1.161,A+,A+,无担保,,,,szcy,,,123014,123014,1.2659,380407,370407,,N,N,45.880,buy,,,1.85,N,305096381.0,210891547.0,Y,8.56,1400.33,-0.58%,00,buy,buy,buy,13:37:12,106.34,25.07%,1.512,-13.24%,-14.03%,133.000,133.000,-0.89%,980.73,Y,0,0,,-,,N,-,buy,-,23-07-27,158.07,10.46,5.63,6.4%,4.4%,"转债占流动市值比：6.4%
转债占总市值比：4.4%",0.00,300407,sz123014,有效期：-；质押代码：123014,123014；2019-02-11 开始转股,全价：133.000 最后更新：13:37:12
110057,现代转债,sh600420,国药现代,C,9.79,2021-06-25,2019-10-08,2025-03-31,2023-04-01,,,100.000,y,72.83,30,30,0,0.81,2022-01-21,2022-01-21,0.35,106.000,n,130.000,15,30,0,,X,16.160,16.157,AAA,AAA,无担保,,,,shmb,,,110057,110057,1.5290,704420,733420,,N,N,32.790,buy,,,1.12,N,1026964555.0,1026964555.0,Y,9.41,6859.78,-2.08%,00,buy,buy,buy,13:36:09,96.12,25.23%,3.192,-2.76%,-3.33%,120.370,120.370,-0.95%,688.19,Y,0,0,,-,,N,-,buy,-,25-03-31,145.60,12.73,6.85,16.7%,16.7%,"转债占流动市值比：16.7%
转债占总市值比：16.7%",0.00,600420,sh110057,有效期：2022-01-21 到 2022-01-21；质押代码：110057,110057；2019-10-08 开始转股,全价：120.370 最后更新：13:36:09
123045,雷迪转债,sz300652,雷迪克,C,19.63,2021-07-01,2020-09-18,2026-03-11,2024-03-11,,,100.000,y,67.13,30,30,0,0.00,,,5.43,113.000,n,130.000,15,30,0,,X,2.880,1.660,A+,A+,无担保,,,,szcy,,,123045,123045,3.2784,380652,370652,,N,N,44.120,buy,,,1.98,N,94082005.0,83507961.0,Y,20.47,2152.02,-1.16%,00,buy,buy,buy,13:37:42,104.28,25.34%,4.137,-2.32%,-3.08%,130.700,130.700,-0.98%,1179.88,Y,0,0,,-,,N,-,buy,-,26-03-11,156.04,25.52,13.74,9.7%,8.6%,"转债占流动市值比：9.7%
转债占总市值比：8.6%",0.00,300652,sz123045,有效期：-；质押代码：123045,123045；2020-09-18 开始转股,全价：130.700 最后更新：13:37:42
123121,帝尔转债,sz300776,帝尔激光,C,192.24,2021-11-19,2022-02-11,2027-08-04,2025-08-04,,,100.000,y,57.20,30,30,0,0.00,,,8.30,115.000,n,130.000,15,30,0,,X,8.400,8.400,AA-,AA-,无,,,,szcy,,,未到转股期,123121,7.9394,380776,370776,,N,N,85.950,buy,,,11.56,N,106270640.0,47471432.0,Y,235.25,16614.40,-3.51%,00,buy,buy,buy,13:37:42,122.37,25.61%,5.537,-4.30%,-4.91%,153.706,153.706,-1.97%,10820.88,Y,0,0,,-,,N,-,buy,-,27-08-04,179.32,249.91,134.57,7.5%,3.4%,"转债占流动市值比：7.5%
转债占总市值比：3.4%",0.00,300776,sz123121,有效期：-；质押代码：123121,未到转股期；2022-02-11 开始转股,全价：153.706 最后更新：13:37:42
123098,一品转债,sz300723,一品红,C,25.48,2021-08-25,2021-08-03,2027-01-27,2025-01-27,,,100.000,y,59.57,30,30,0,0.00,,,0.87,118.000,n,130.000,15,30,0,,N,4.800,4.236,AA-,AA-,无担保,,,,szcy,2022年1月5日公告：本次（2021年11月24日至2021年1月5日）不提前赎回，至2022年7月5日均不提前赎回,,123098,123098,3.0423,380723,370723,,N,N,85.150,buy,,,4.94,N,288034274.0,124345043.0,Y,29.94,4599.71,-3.36%,00,buy,buy,buy,13:37:42,117.50,25.48%,5.019,-3.46%,-4.21%,147.440,147.440,0.67%,540.25,Y,0,0,G,-,,N,-,buy,-,27-01-27,172.92,33.12,17.84,11.4%,4.9%,"转债占流动市值比：11.4%
转债占总市值比：4.9%",0.00,300723,sz123098,有效期：-；质押代码：123098,123098；2021-08-03 开始转股,全价：147.440 最后更新：13:37:42
113616,韦尔转债,sh603501,韦尔股份,C,222.52,2021-06-30,2021-07-05,2026-12-27,2024-12-27,,,100.000,y,54.54,30,30,0,0.00,,,0.95,110.000,n,130.000,15,30,0,,N,24.400,24.337,AA+,AA+,无,,,,shmb,2021年7月24日公告：本次（2021年7月5日至2021年7月23日）不行使韦尔转债的提前赎回权利，至2022年1月22日均不提前赎回,,113616,113616,2.8120,753501,754501,,N,N,74.370,buy,R,,16.99,N,875724555.0,790025373.0,Y,285.60,98258.02,-2.61%,00,buy,buy,buy,13:37:41,128.35,25.52%,4.934,-6.81%,-7.28%,161.110,161.110,-0.64%,3739.11,Y,0,0,G,-,,N,-,buy,-,26-12-27,186.63,289.28,155.76,1.1%,1.0%,"转债占流动市值比：1.1%
转债占总市值比：1.0%",0.00,603501,sh113616,有效期：-；质押代码：113616,113616；2021-07-05 开始转股,全价：161.110 最后更新：13:37:41
128078,太极转债,sz002368,太极股份,C,22.21,2021-07-12,2020-04-27,2025-10-21,2023-10-23,,,100.000,y,54.46,30,30,0,0.00,,,1.58,112.000,n,130.000,15,30,0,,N,10.000,9.599,AA,AA,无担保,,,,szmb,2021年11月29日公告：本次（2021年10月14日至2021年11月25日）不行使提前赎回权利，至2022年6月30日均不提前赎回,,128078,128078,2.4226,082368,072368,,N,N,61.950,buy,R,,4.75,N,579659936.0,575985883.0,Y,28.55,22856.27,0.67%,00,buy,buy,buy,13:37:36,128.55,25.77%,3.751,-8.54%,-9.22%,161.673,161.673,-1.72%,2502.38,Y,0,0,G,-,,N,-,buy,-,25-10-21,187.44,28.87,15.55,5.8%,5.8%,"转债占流动市值比：5.8%
转债占总市值比：5.8%",0.00,002368,sz128078,有效期：-；质押代码：128078,128078；2020-04-27 开始转股,全价：161.673 最后更新：13:37:36
127030,盛虹转债,sz000301,东方盛虹,C,14.10,2021-06-18,2021-09-27,2027-03-21,2025-03-21,,,100.000,y,56.02,30,30,0,0.00,,,1.10,108.000,n,130.000,15,30,0,,N,50.000,49.986,AA+,AA+,无,,,,szmb,2021年9月22日公告，截止9月22日触发本次不赎回，至2022年3月26日前均不提前赎回,,127030,127030,1.0341,080301,070301,,N,N,77.630,buy,R,,4.35,N,4834962688.0,2066734655.0,Y,17.62,39922.51,-0.23%,00,buy,buy,buy,13:37:42,124.96,25.87%,5.164,-6.37%,-6.77%,157.290,157.290,0.83%,8700.64,Y,0,0,G,-,,N,-,buy,-,27-03-21,183.16,18.33,9.87,13.7%,5.9%,"转债占流动市值比：13.7%
转债占总市值比：5.9%",0.00,000301,sz127030,有效期：-；质押代码：127030,127030；2021-09-27 开始转股,全价：157.290 最后更新：13:37:42
123062,三超转债,sz300554,三超新材,C,17.13,2021-06-07,2021-02-01,2026-07-26,2024-07-26,,,100.000,y,69.19,30,30,0,0.00,,,4.45,113.000,n,130.000,15,30,0,,X,1.950,1.948,A,A,无担保,,,,szcy,,,123062,123062,2.0833,380554,370554,,N,N,77.000,buy,,,2.78,N,93613367.0,65242104.0,Y,17.33,2415.85,0.35%,00,buy,buy,buy,13:37:42,101.17,25.83%,4.512,-1.48%,-2.20%,127.300,127.300,0.45%,1097.41,Y,0,0,,-,,N,-,buy,-,26-07-26,153.13,22.27,11.99,17.2%,12.0%,"转债占流动市值比：17.2%
转债占总市值比：12.0%",0.00,300554,sz123062,有效期：-；质押代码：123062,123062；2021-02-01 开始转股,全价：127.300 最后更新：13:37:42
