bond_id,bond_nm,stock_id,stock_nm,btype,convert_price,convert_price_valid_from,convert_dt,maturity_dt,next_put_dt,put_dt,put_notes,put_price,put_inc_cpn_fl,put_convert_price_ratio,put_count_days,put_total_days,put_real_days,repo_discount_rt,repo_valid_from,repo_valid_to,turnover_rt,redeem_price,redeem_inc_cpn_fl,redeem_price_ratio,redeem_count_days,redeem_total_days,redeem_real_days,redeem_dt,redeem_flag,orig_iss_amt,curr_iss_amt,rating_cd,issuer_rating_cd,guarantor,ssc_dt,esc_dt,sc_notes,market_cd,force_redeem,real_force_redeem_price,convert_cd,repo_cd,ration,ration_cd,apply_cd,online_offline_ratio,qflag,qflag2,ration_rt,fund_rt,margin_flg,lt_bps,pb,pb_flag,total_shares,float_shares,sqflg,sprice,svolume,sincrease_rt,qstatus,bond_value,bond_value2,volatility_rate,last_time,convert_value,premium_rt,year_left,ytm_rt,ytm_rt_tax,price,full_price,increase_rt,volume,convert_price_valid,adj_scnt,adj_cnt,redeem_icon,ref_yield_info,adjust_tip,adjusted,option_tip,bond_value3,left_put_year,short_maturity_dt,dblow,force_redeem_price,put_convert_price,convert_amt_ratio,convert_amt_ratio2,convert_amt_ratio_tips,stock_net_value,stock_cd,pre_bond_id,repo_valid,convert_cd_tip,price_tips
127052,杭锅转债,sz002534,杭锅股份,C,28.08,,2022-06-30,2027-12-23,2025-12-23,,,100.000,y,64.21,30,30,0,0.00,,,,110.000,n,130.000,15,30,0,,X,11.100,11.100,AA,AA,无,,,,szmb,,,未到转股期,127052,1.5445,082534,072534,,N,N,72.180,-,,,6.55,N,739201050.0,725645705.0,Y,30.61,12549.36,-2.05%,00,buy,buy,buy,,109.01,-8.27%,5.942,2.44%,1.97%,100.000,100.000,0.00%,0.00,Y,0,0,,-,,N,-,buy,-,27-12-23,91.73,36.50,19.66,5.0%,4.9%,"转债占流动市值比：5.0%
转债占总市值比：4.9%",0.00,002534,sz127052,有效期：-；质押代码：127052,未到转股期；2022-06-30 开始转股,待上市
123135,泰林转债,sz300813,泰林生物,C,87.38,,2022-07-04,2027-12-27,2025-12-29,,,100.000,y,67.11,30,30,0,0.00,,,,115.000,n,130.000,15,30,0,,X,2.100,2.100,A+,A+,无,,,,szcy,,,未到转股期,123135,4.0407,380813,370813,,N,N,78.220,-,,,9.76,N,51970000.0,16277000.0,Y,91.14,10405.46,1.28%,00,buy,buy,buy,,104.30,-4.13%,5.953,3.40%,2.75%,100.000,100.000,0.00%,0.00,Y,0,0,,-,,N,-,buy,-,27-12-27,95.87,113.59,61.17,14.2%,4.4%,"转债占流动市值比：14.2%
转债占总市值比：4.4%",0.00,300813,sz123135,有效期：-；质押代码：123135,未到转股期；2022-07-04 开始转股,待上市
113637,华翔转债,sh603112,华翔股份,C,12.99,,2022-06-28,2027-12-22,2025-12-22,,,100.000,y,67.61,30,30,0,0.00,,,,115.000,n,130.000,15,30,0,,X,8.000,8.000,AA-,AA-,无,,,,shmb,,,未到转股期,113637,1.8300,753112,754112,,N,N,77.900,-,,,2.96,N,436090490.0,153864926.0,Y,13.45,5507.40,-3.10%,00,buy,buy,buy,,103.54,-3.42%,5.940,3.33%,2.69%,100.000,100.000,0.00%,0.00,Y,0,0,,-,,N,-,buy,-,27-12-22,96.58,16.89,9.09,38.7%,13.6%,"转债占流动市值比：38.7%
转债占总市值比：13.6%",0.00,603112,sh113637,有效期：-；质押代码：113637,未到转股期；2022-06-28 开始转股,待上市
123078,飞凯转债,sz300398,飞凯材料,C,15.56,2021-05-31,2021-06-03,2026-11-26,2024-11-26,,,100.000,y,33.44,30,30,0,0.00,,,329.71,110.000,n,120.000,15,30,9,,X,8.250,8.101,AA,AA,无担保,,,,szcy,,,123078,123078,1.5992,380398,370398,,N,N,35.740,buy,R,,5.44,N,516098134.0,509839254.0,Y,32.57,268788.99,8.57%,00,buy,buy,buy,15:14:03,209.32,-0.63%,4.868,-11.65%,-12.10%,208.000,208.000,4.79%,558785.11,Y,1,1,,-,,N,-,buy,-,26-11-26,207.37,18.67,10.89,4.9%,4.8%,"转债占流动市值比：4.9%
转债占总市值比：4.8%",0.00,300398,sz123078,有效期：-；质押代码：123078,123078；2021-06-03 开始转股,全价：208.000 最后更新：15:14:03
128106,华统转债,sz002840,华统股份,C,9.37,2021-06-30,2020-10-16,2026-04-09,2024-04-09,,,100.000,y,36.62,30,30,0,0.00,,,71.35,108.000,n,130.000,15,30,0,,N,5.500,4.313,AA,AA,连带责任保证,,,,szmb,2021年12月25日公告：本次（2021年12月6日至2021年12月24日）不提前赎回，至2022年6月26日均不提前赎回,,128106,128106,1.9826,082840,072840,,N,N,67.140,buy,,,4.70,N,456240764.0,444778364.0,Y,17.91,22904.76,0.28%,00,buy,buy,buy,15:14:03,191.14,-0.60%,4.236,-11.77%,-12.21%,190.001,190.001,0.48%,58833.25,Y,0,0,G,-,,N,-,buy,-,26-04-09,189.40,12.18,6.56,5.4%,5.3%,"转债占流动市值比：5.4%
转债占总市值比：5.3%",0.00,002840,sz128106,有效期：-；质押代码：128106,128106；2020-10-16 开始转股,全价：190.001 最后更新：15:14:03
127007,湖广转债,sz000665,湖北广电,C,5.58,2020-07-17,2019-01-04,2024-06-28,2022-06-28,,,100.000,y,40.23,30,30,0,0.00,,,1233.16,108.000,n,130.000,15,30,8,,X,17.336,5.262,AA+,AA+,无担保,,,,szmb,,,127007,127007,2.7248,080665,070665,,N,N,16.550,buy,R,,1.66,N,1014363870.0,1014306085.0,Y,9.71,278855.18,-3.86%,00,buy,buy,buy,15:14:03,174.01,-0.55%,2.455,-16.69%,-17.34%,173.049,173.049,-0.49%,1184245.31,Y,1,1,,-,,N,-,buy,-,24-06-28,172.50,7.25,3.91,5.3%,5.3%,"转债占流动市值比：5.3%
转债占总市值比：5.3%",0.00,000665,sz127007,有效期：-；质押代码：127007,127007；2019-01-04 开始转股,全价：173.049 最后更新：15:14:03
113591,胜达转债,sh603687,大胜达,C,8.76,2021-06-11,2021-01-08,2026-06-30,2024-07-01,,,100.000,y,50.02,30,30,0,0.00,,,14.68,116.000,n,130.000,15,30,8,,X,5.500,5.185,AA-,AA-,股票质押担保,,,,shmb,,,113591,113591,1.3300,753687,754687,,N,N,69.650,buy,,,2.78,N,414413879.0,145371179.0,Y,12.26,4410.73,0.08%,00,buy,buy,buy,14:59:59,139.95,-0.20%,4.460,-3.10%,-3.89%,139.680,139.680,-1.34%,10661.46,Y,2,2,,-,,N,-,buy,-,26-06-30,139.48,11.39,6.13,29.1%,10.2%,"转债占流动市值比：29.1%
转债占总市值比：10.2%",0.00,603687,sh113591,有效期：-；质押代码：113591,113591；2021-01-08 开始转股,全价：139.680 最后更新：14:59:59
128050,钧达转债,sz002865,钧达股份,C,14.81,2021-11-26,2019-06-14,2024-12-10,2022-12-10,,,100.000,y,17.54,30,30,0,0.00,,,165.32,118.000,n,130.000,15,30,30,2022-01-27,Y,3.200,0.498,AA-,AA-,中汽塑料,,,,szmb,"最后交易日：2022年1月27日
最后转股日：2022年1月27日
赎回价：100.21元/张",100.210,128050,128050,2.6298,082865,072865,,N,N,17.350,buy,,,7.76,N,137291465.0,133915115.0,Y,59.09,15706.10,-2.60%,00,buy,buy,buy,15:14:03,398.99,0.22%,2.907,-33.91%,-34.68%,399.854,399.854,-2.95%,33491.08,Y,1,1,R,-,,N,-,buy,-,24-12-10,400.07,19.25,10.37,0.6%,0.6%,"转债占流动市值比：0.6%
转债占总市值比：0.6%",0.00,002865,sz128050,有效期：-；质押代码：128050,128050；2019-06-14 开始转股,全价：399.854 最后更新：15:14:03
128085,鸿达转债,sz002002,鸿达兴业,C,3.91,2021-06-22,2020-06-22,2025-12-16,2023-12-18,,,100.000,y,47.19,30,30,0,0.00,,,21.24,118.000,n,130.000,15,30,0,,N,24.270,3.392,B,B,无担保,,,,szmb,2021年12月11日公告：本次不提前赎回鸿达转债，至2022年12月8日前均不提前赎回,,128085,128085,0.9374,082002,072002,,N,N,26.280,buy,R,,1.73,N,3120485457.0,3116603421.0,Y,5.80,33191.39,-0.17%,00,buy,buy,buy,15:14:03,148.34,0.38%,3.923,-4.68%,-5.63%,148.901,148.901,-2.37%,10893.32,Y,0,0,G,-,,N,-,buy,-,25-12-16,149.28,5.08,2.74,1.9%,1.9%,"转债占流动市值比：1.9%
转债占总市值比：1.9%",0.00,002002,sz128085,有效期：-；质押代码：128085,128085；2020-06-22 开始转股,全价：148.901 最后更新：15:14:03
128013,洪涛转债,sz002325,洪涛股份,C,2.31,2021-12-13,2017-02-06,2022-07-29,2020-07-29,,,100.000,y,57.75,30,30,0,0.00,,,7.74,108.000,n,130.000,15,30,0,,X,12.000,10.607,A-,A-,无担保,,,,szmb,,,128013,128013,0.9980,082325,072325,10,N,N,,buy,R,,1.27,N,1325359461.0,1003074122.0,Y,2.80,4610.20,-2.78%,00,buy,buy,buy,15:14:03,121.21,0.44%,0.537,-21.03%,-23.48%,121.750,121.750,-2.78%,10135.64,Y,3,3,,-,,N,-,buy,-,22-07-29,122.19,3.00,1.62,37.8%,28.6%,"转债占流动市值比：37.8%
转债占总市值比：28.6%",0.00,002325,sz128013,有效期：-；质押代码：128013,128013；2017-02-06 开始转股,全价：121.750 最后更新：15:14:03
113026,核能转债,sh601985,中国核电,C,5.73,2021-07-16,2019-10-21,2025-04-14,2023-04-17,,,100.000,y,54.42,30,30,0,0.86,2022-01-17,2022-01-17,4.49,105.000,n,130.000,15,30,14,,X,78.000,75.052,AAA,AAA,无担保,,,,shmb,,,113026,113026,0.5010,764985,783985,,N,N,79.230,buy,R,,1.73,N,17522710852.0,17074949659.0,Y,7.37,86950.23,1.80%,00,buy,buy,buy,14:59:58,128.62,0.84%,3.249,-5.24%,-5.72%,129.700,129.700,0.50%,43661.81,Y,0,0,,-,,N,-,buy,-,25-04-14,130.54,7.45,4.01,6.0%,5.8%,"转债占流动市值比：6.0%
转债占总市值比：5.8%",0.00,601985,sh113026,有效期：2022-01-17 到 2022-01-17；质押代码：113026,113026；2019-10-21 开始转股,全价：129.700 最后更新：14:59:58
113541,荣晟转债,sh603165,荣晟环保,C,10.84,2021-05-17,2020-02-03,2025-07-22,2023-07-24,,,100.000,y,42.89,30,30,0,0.00,,,20.55,110.000,n,130.000,15,30,0,,N,3.300,1.628,AA-,AA-,股份质押和保证,,,,shmb,2021年11月22日公告：本次（2021年10月12日至2021年11月22日）不行使提前赎回权利，至2022年5月22日均不提前赎回,,113541,113541,1.8600,753165,754165,,N,N,24.502,buy,,,2.64,N,263201890.0,263201890.0,Y,17.69,4793.80,2.49%,00,buy,buy,buy,15:00:00,163.19,1.40%,3.521,-10.14%,-10.77%,165.480,165.480,-0.17%,5539.31,Y,1,1,G,-,,N,-,buy,-,25-07-22,166.88,14.09,7.59,3.5%,3.5%,"转债占流动市值比：3.5%
转债占总市值比：3.5%",0.00,603165,sh113541,有效期：-；质押代码：113541,113541；2020-02-03 开始转股,全价：165.480 最后更新：15:00:00
128046,利尔转债,sz002258,利尔化学,C,18.42,2021-04-13,2019-04-23,2024-10-17,2022-10-17,,,100.000,y,41.73,30,30,0,0.00,,,12.42,108.000,n,130.000,20,30,9,,X,8.520,8.076,AA,AA,无担保,,,,szmb,,,128046,128046,1.6247,082258,072258,,N,N,43.380,buy,R,,3.60,N,526773275.0,524181885.0,Y,30.90,39047.77,0.52%,00,buy,buy,buy,15:14:03,167.75,1.94%,2.759,-14.60%,-15.21%,171.000,171.000,-0.75%,17372.50,Y,0,0,,-,,N,-,buy,-,24-10-17,172.94,23.95,12.89,5.0%,5.0%,"转债占流动市值比：5.0%
转债占总市值比：5.0%",0.00,002258,sz128046,有效期：-；质押代码：128046,128046；2019-04-23 开始转股,全价：171.000 最后更新：15:14:03
128094,星帅转债,sz002860,星帅尔,C,13.80,2021-06-08,2020-07-22,2026-01-16,2024-01-16,,,100.000,y,43.03,30,30,0,0.00,,,23.09,115.000,n,130.000,15,30,9,,X,2.800,2.089,A+,A+,股份质押和保证,,,,szmb,,,128094,128094,2.3897,082860,072860,,N,N,75.030,buy,,,3.81,N,204206647.0,147145649.0,Y,22.45,11089.07,-5.07%,00,buy,buy,buy,15:14:03,162.68,2.41%,4.008,-7.84%,-8.63%,166.600,166.600,-5.15%,8279.68,Y,0,0,,-,,N,-,buy,-,26-01-16,169.01,17.94,9.66,6.3%,4.6%,"转债占流动市值比：6.3%
转债占总市值比：4.6%",0.00,002860,sz128094,有效期：-；质押代码：128094,128094；2020-07-22 开始转股,全价：166.600 最后更新：15:14:03
113638,台21转债,sh603055,台华新材,C,16.87,,2022-07-05,2027-12-28,2025-12-29,,,100.000,y,71.70,30,30,0,0.00,,,,112.000,n,130.000,15,30,0,,X,6.000,6.000,AA,AA,,,,,shmb,,,未到转股期,113638,0.6910,753055,754055,,N,N,60.150,-,,,3.99,N,868874372.0,804671904.0,Y,16.47,11168.21,4.11%,00,buy,buy,buy,,97.63,2.43%,5.956,2.73%,2.21%,100.000,100.000,0.00%,0.00,Y,0,0,,-,,N,-,buy,-,27-12-28,102.43,21.93,11.81,4.5%,4.2%,"转债占流动市值比：4.5%
转债占总市值比：4.2%",0.00,603055,sh113638,有效期：-；质押代码：113638,未到转股期；2022-07-05 开始转股,待上市
123083,朗新转债,sz300682,朗新科技,C,15.39,2021-12-23,2021-06-15,2026-12-08,2024-12-09,,,100.000,y,31.89,30,30,0,0.00,,,4.78,110.000,n,130.000,15,30,14,,X,8.000,6.010,AA,AA,无担保,,,,szcy,,,123083,123083,0.7833,380682,370682,,N,N,77.260,buy,,,6.37,N,1045521166.0,737572050.0,Y,33.78,14922.09,0.09%,00,buy,buy,buy,15:14:03,219.49,2.45%,4.901,-13.00%,-13.43%,224.870,224.870,-1.07%,6513.07,Y,0,0,,-,,N,-,buy,-,26-12-08,227.32,20.01,10.77,2.4%,1.7%,"转债占流动市值比：2.4%
转债占总市值比：1.7%",0.00,300682,sz123083,有效期：-；质押代码：123083,123083；2021-06-15 开始转股,全价：224.870 最后更新：15:14:03
113626,伯特转债,sh603596,伯特利,C,36.01,2021-10-28,2022-01-05,2027-06-28,2025-06-27,,,100.000,y,30.94,30,30,0,0.00,,,61.23,116.000,n,130.000,15,30,8,,X,9.020,9.019,AA,AA,无,,,,shmb,,,113626,113626,2.2130,753596,754596,,N,N,70.636,buy,,,10.02,N,408446000.0,406626000.0,Y,81.48,60629.89,5.03%,00,buy,buy,buy,14:59:58,226.27,2.50%,5.455,-11.39%,-11.94%,231.920,231.920,7.74%,126388.01,Y,0,0,,-,,N,-,buy,-,27-06-28,234.42,46.81,25.21,2.7%,2.7%,"转债占流动市值比：2.7%
转债占总市值比：2.7%",0.00,603596,sh113626,有效期：-；质押代码：113626,113626；2022-01-05 开始转股,全价：231.920 最后更新：14:59:58
123073,同和转债,sz300636,同和药业,C,14.82,2021-05-18,2021-05-06,2026-10-25,2024-10-26,,,100.000,y,44.18,30,30,0,0.00,,,32.96,116.000,n,130.000,20,30,2,,X,3.600,3.581,A+,A+,无担保,,,,szcy,,,123073,123073,2.7989,380636,370636,,N,N,70.695,buy,,,5.54,N,205906321.0,169027590.0,Y,23.48,7558.81,4.12%,00,buy,buy,buy,15:14:03,158.43,3.09%,4.781,-6.05%,-6.76%,163.330,163.330,2.40%,19191.97,Y,1,1,,-,,N,-,buy,-,26-10-25,166.42,19.27,10.37,9.0%,7.4%,"转债占流动市值比：9.0%
转债占总市值比：7.4%",0.00,300636,sz123073,有效期：-；质押代码：123073,123073；2021-05-06 开始转股,全价：163.330 最后更新：15:14:03
128103,同德转债,sz002360,同德化工,C,5.08,2021-05-25,2020-10-09,2026-03-25,2024-03-25,,,100.000,y,39.51,30,30,0,0.00,,,23.73,115.000,n,130.000,15,30,9,,X,1.440,0.884,A+,A+,土地、固定资产等抵押方式,,,,szmb,,,128103,128103,0.3859,082360,072360,,N,N,31.100,buy,,,2.68,N,402376378.0,312278270.0,Y,9.00,2901.59,-0.22%,00,buy,buy,buy,15:14:03,177.17,3.52%,4.195,-9.58%,-10.33%,183.400,183.400,-1.33%,3871.77,Y,0,0,,-,,N,-,buy,-,26-03-25,186.92,6.60,3.56,3.1%,2.4%,"转债占流动市值比：3.1%
转债占总市值比：2.4%",0.00,002360,sz128103,有效期：-；质押代码：128103,128103；2020-10-09 开始转股,全价：183.400 最后更新：15:14:03
123111,东财转3,sz300059,东方财富,C,23.35,2021-05-27,2021-10-13,2027-04-06,2025-04-07,,,100.000,y,50.73,30,30,0,0.00,,,5.14,107.000,n,130.000,15,30,9,,X,158.000,150.855,AA+,AA+,无,,,,szcy,,,123111,123111,1.8344,380059,370059,,N,N,71.340,buy,R,,8.14,N,10366327855.0,8592810347.0,Y,32.22,404162.46,-0.95%,00,buy,buy,buy,15:14:03,137.99,3.63%,5.227,-4.87%,-5.21%,143.000,143.000,-0.69%,110805.85,Y,0,0,,-,,N,-,buy,-,27-04-06,146.63,30.36,16.34,5.4%,4.5%,"转债占流动市值比：5.4%
转债占总市值比：4.5%",0.00,300059,sz123111,有效期：-；质押代码：123111,123111；2021-10-13 开始转股,全价：143.000 最后更新：15:14:03
128128,齐翔转2,sz002408,齐翔腾达,C,5.69,2021-09-29,2021-02-26,2026-08-19,2024-08-19,,,100.000,y,38.19,30,30,0,0.00,,,3.30,110.000,n,130.000,15,30,9,,X,29.900,6.806,AA,AA,无担保,,,,szmb,,,128128,128128,1.7102,082408,072408,,N,N,76.460,buy,R,,2.38,N,2842637146.0,2771179688.0,Y,10.43,26145.66,-1.97%,00,buy,buy,buy,15:14:03,183.30,3.76%,4.597,-10.54%,-11.03%,190.200,190.200,-2.13%,4329.00,Y,0,0,,-,,N,-,buy,-,26-08-19,193.96,7.40,3.98,2.4%,2.3%,"转债占流动市值比：2.4%
转债占总市值比：2.3%",0.00,002408,sz128128,有效期：-；质押代码：128128,128128；2021-02-26 开始转股,全价：190.200 最后更新：15:14:03
123092,天壕转债,sz300332,天壕环境,C,5.19,2021-07-12,2021-06-30,2026-12-23,2024-12-23,,,100.000,y,34.97,30,30,0,0.00,,,22.75,115.000,n,130.000,15,30,9,,X,4.230,4.167,A+,A+,无,,,,szcy,,,123092,123092,0.4805,380332,370332,,N,N,55.430,buy,,,2.63,N,881408921.0,841982571.0,Y,10.39,13634.87,-1.24%,00,buy,buy,buy,15:14:03,200.19,3.82%,4.942,-10.54%,-11.15%,207.849,207.849,-1.81%,19880.17,Y,0,0,,-,,N,-,buy,-,26-12-23,211.67,6.75,3.63,4.8%,4.6%,"转债占流动市值比：4.8%
转债占总市值比：4.6%",0.00,300332,sz123092,有效期：-；质押代码：123092,123092；2021-06-30 开始转股,全价：207.849 最后更新：15:14:03
132018,G三峡EB1,sh600900,长江电力,E,16.74,2021-07-16,2020-04-13,2024-04-09,2023-04-10,,,100.000,y,52.20,30,30,0,0.92,2022-01-17,2022-01-17,0.35,108.000,y,120.000,15,30,24,,X,200.000,160.497,AAA,AAA,长江电力A股股票及其孳息,,,,shmb,,,132018,132018,,,759001,,N,N,100.000,buy,R,,2.90,N,22741859230.0,22741859230.0,Y,22.45,90813.70,0.40%,00,buy,buy,buy,14:59:54,134.11,3.85%,2.236,-10.25%,-10.95%,138.890,139.275,-0.08%,7686.77,Y,0,0,B,-,,N,-,buy,-,24-04-09,142.74,20.09,11.72,3.1%,3.1%,"转债占流动市值比：3.1%
转债占总市值比：3.1%",0.00,600900,sh132018,有效期：2022-01-17 到 2022-01-17；质押代码：132018,132018；2020-04-13 开始转股,全价：139.275 最后更新：14:59:54
123012,万顺转债,sz300057,万顺新材,C,5.27,2021-05-17,2019-01-26,2024-07-20,2022-07-20,,,100.000,y,42.55,30,30,0,0.00,,,31.58,106.000,n,130.000,15,30,9,,X,9.500,1.225,AA-,AA-,无担保,,,,szcy,,,123012,123012,2.1607,380057,370057,,N,N,2.190,buy,,,1.65,N,683644894.0,507430086.0,Y,8.67,10058.41,2.60%,00,buy,buy,buy,15:14:03,164.52,3.89%,2.515,-16.52%,-17.05%,170.917,170.917,1.13%,6581.91,Y,0,0,,-,,N,-,buy,-,24-07-20,174.81,6.85,3.69,2.8%,2.1%,"转债占流动市值比：2.8%
转债占总市值比：2.1%",0.00,300057,sz123012,有效期：-；质押代码：123012,123012；2019-01-26 开始转股,全价：170.917 最后更新：15:14:03
128082,华锋转债,sz002806,华锋股份,C,9.13,2021-03-23,2020-06-10,2025-12-03,2023-12-04,,,100.000,y,45.75,30,30,0,0.00,,,15.17,115.000,n,130.000,15,30,9,,X,3.520,2.036,A,A,土地、房产、机器设备等资产抵 押和股份质押担保,,,,szmb,,,128082,128082,1.9995,082806,072806,,N,N,5.530,buy,,,2.28,N,191703355.0,139230770.0,Y,13.97,5233.20,-0.92%,00,buy,buy,buy,15:14:03,153.01,3.98%,3.888,-7.02%,-7.83%,159.101,159.101,-2.81%,4990.29,Y,2,2,,-,,N,-,buy,-,25-12-03,163.08,11.87,6.39,10.5%,7.6%,"转债占流动市值比：10.5%
转债占总市值比：7.6%",0.00,002806,sz128082,有效期：-；质押代码：128082,128082；2020-06-10 开始转股,全价：159.101 最后更新：15:14:03
123085,万顺转2,sz300057,万顺新材,C,6.20,2021-05-17,2021-06-17,2026-12-10,2024-12-10,,,100.000,y,50.06,30,30,0,0.00,,,4.91,108.000,n,130.000,15,30,9,,X,9.000,8.512,AA-,AA-,无担保,,,,szcy,,,123085,123085,1.3341,380057,370057,,N,N,66.940,buy,,,1.65,N,683644894.0,507430086.0,Y,8.67,10058.41,2.60%,00,buy,buy,buy,15:14:03,139.84,4.05%,4.907,-5.12%,-5.56%,145.500,145.500,1.04%,6060.81,Y,0,0,,-,,N,-,buy,-,26-12-10,149.55,8.06,4.34,19.3%,14.4%,"转债占流动市值比：19.3%
转债占总市值比：14.4%",0.00,300057,sz123085,有效期：-；质押代码：123085,123085；2021-06-17 开始转股,全价：145.500 最后更新：15:14:03
113053,隆22转债,sh601012,隆基股份,C,82.65,,2022-07-11,2028-01-04,2026-01-05,,,100.000,y,73.00,30,30,0,0.00,,,,107.000,n,130.000,15,30,0,,X,70.000,70.000,AAA,AAA,无,,,,shmb,,,未到转股期,113053,1.2930,764012,783012,,N,N,62.100,-,R,,9.32,N,5412952708.0,5412832854.0,Y,79.25,277684.77,0.00%,00,buy,buy,buy,,95.89,4.29%,5.975,1.82%,1.46%,100.000,100.000,0.00%,0.00,Y,0,0,,-,,N,-,buy,-,28-01-04,104.29,107.44,57.85,1.6%,1.6%,"转债占流动市值比：1.6%
转债占总市值比：1.6%",0.00,601012,sh113053,有效期：-；质押代码：113053,未到转股期；2022-07-11 开始转股,待上市
128091,新天转债,sz002873,新天药业,C,11.62,2021-11-10,2020-07-06,2025-12-30,2024-01-01,,,100.000,y,33.07,30,30,0,0.00,,,1157.21,113.000,n,130.000,15,30,0,,N,1.770,1.547,A+,A+,房产抵押和股份质押,,,,szmb,2022年1月13日公告：本次（2021年12月22日至2022年1月12日）不提前赎回，至2022年6月30日均不提前赎回,,128091,128091,1.5410,082873,072873,,N,N,46.250,buy,,,4.52,N,164048027.0,155115979.0,Y,24.60,61541.03,3.62%,00,buy,buy,buy,15:14:03,211.70,4.81%,3.962,-14.88%,-15.53%,221.890,221.890,2.31%,403375.15,Y,0,0,G,-,,N,-,buy,-,25-12-30,226.70,15.11,8.13,4.1%,3.8%,"转债占流动市值比：4.1%
转债占总市值比：3.8%",0.00,002873,sz128091,有效期：-；质押代码：128091,128091；2020-07-06 开始转股,全价：221.890 最后更新：15:14:03
113549,白电转债,sh603861,白云电器,C,9.06,2021-11-16,2020-05-21,2025-11-14,2023-11-14,,,100.000,y,53.25,30,30,0,0.00,,,21.00,110.000,n,130.000,15,30,10,,X,8.800,8.048,AA,AA,无担保,,,,shmb,,,113549,113549,1.9470,753861,753861,,N,N,62.480,buy,,,1.93,N,435981858.0,421289381.0,Y,11.91,11251.73,-0.25%,00,buy,buy,buy,14:59:58,131.46,4.92%,3.836,-4.86%,-5.48%,137.920,137.920,-1.62%,23746.01,Y,0,0,,-,,N,-,buy,-,25-11-14,142.84,11.78,6.34,16.0%,15.5%,"转债占流动市值比：16.0%
转债占总市值比：15.5%",0.00,603861,sh113549,有效期：-；质押代码：113549,113549；2020-05-21 开始转股,全价：137.920 最后更新：14:59:58
113534,鼎胜转债,sh603876,鼎胜新材,C,15.18,2020-07-24,2019-10-16,2025-04-08,2023-04-10,,,100.000,y,29.62,30,30,0,0.00,,,10.07,110.000,n,130.000,15,30,0,,N,12.540,4.038,AA-,AA-,无担保,,,,shmb,2021年10月29日公告：本次（2021年10月8日至2021年10月28日）不提前赎回，至2022年1月28日均不提前赎回,,113534,113534,2.9160,753876,754876,,N,N,46.940,buy,,,3.68,N,485976499.0,485976499.0,Y,35.88,13410.65,1.82%,00,buy,buy,buy,14:59:58,236.36,5.15%,3.233,-21.68%,-22.24%,248.530,248.530,0.09%,10115.99,Y,1,1,G,-,,N,-,buy,-,25-04-08,253.68,19.73,10.63,2.3%,2.3%,"转债占流动市值比：2.3%
转债占总市值比：2.3%",0.00,603876,sh113534,有效期：-；质押代码：113534,113534；2019-10-16 开始转股,全价：248.530 最后更新：14:59:58
127040,国泰转债,sz002091,江苏国泰,C,9.02,,2022-01-13,2027-07-06,2025-07-07,,,100.000,y,48.31,30,30,0,0.00,,,1.27,108.000,n,130.000,15,30,2,,X,45.574,44.860,AA+,AA+,无,,,,szmb,,,127040,127040,2.9100,082091,072091,,N,N,65.940,buy,R,,2.08,N,1563536598.0,1513016522.0,Y,13.07,18929.33,0.62%,00,buy,buy,buy,15:14:03,144.90,5.20%,5.477,-5.47%,-5.85%,152.441,152.441,0.03%,8636.07,Y,0,0,,-,,N,-,buy,-,27-07-06,157.64,11.73,6.31,22.7%,22.0%,"转债占流动市值比：22.7%
转债占总市值比：22.0%",0.00,002091,sz127040,有效期：-；质押代码：127040,127040；2022-01-13 开始转股,全价：152.441 最后更新：15:14:03
123086,海兰转债,sz300065,海兰信,C,7.27,2021-07-15,2021-06-17,2026-12-10,2024-12-10,,,100.000,y,36.98,30,30,0,0.00,,,46.53,118.000,n,130.000,15,30,9,,X,7.300,4.817,AA-,AA-,无担保,,,,szcy,,,123086,123086,1.8358,380065,370065,,N,N,59.780,buy,R,,4.94,N,629832887.0,539962284.0,Y,13.76,34104.47,-0.51%,00,buy,buy,buy,15:14:03,189.27,5.22%,4.907,-9.48%,-10.16%,199.145,199.145,0.58%,45098.30,Y,1,1,,-,,N,-,buy,-,26-12-10,204.37,9.45,5.09,6.5%,5.6%,"转债占流动市值比：6.5%
转债占总市值比：5.6%",0.00,300065,sz123086,有效期：-；质押代码：123086,123086；2021-06-17 开始转股,全价：199.145 最后更新：15:14:03
113585,寿仙转债,sh603896,寿仙谷,C,28.38,2021-06-30,2020-12-15,2026-06-08,2024-06-10,,,100.000,y,35.79,30,30,0,0.00,,,126.19,112.000,n,130.000,15,30,0,,N,3.600,1.008,AA-,AA-,连带责任保证,,,,shmb,2021年9月1日公告：本次（2021年8月11日至2021年8月31日）不行使提前赎回权利，至2022年2月28日均不提前赎回,,113585,113585,2.5080,753896,754896,,N,N,82.309,buy,,,5.63,N,152498417.0,152498417.0,Y,55.50,13729.11,2.82%,00,buy,buy,buy,15:00:00,195.56,5.25%,4.400,-12.21%,-12.77%,205.820,205.820,1.79%,26756.10,Y,0,0,G,-,,N,-,buy,-,26-06-08,211.07,36.89,19.87,1.2%,1.2%,"转债占流动市值比：1.2%
转债占总市值比：1.2%",0.00,603896,sh113585,有效期：-；质押代码：113585,113585；2020-12-15 开始转股,全价：205.820 最后更新：15:00:00
113548,石英转债,sh603688,石英股份,C,14.93,2021-05-28,2020-05-06,2025-10-27,2023-10-27,,,100.000,y,18.33,30,30,0,0.00,,,29.04,118.000,n,130.000,15,30,9,,X,3.600,1.202,AA-,AA-,股份质押和保证,,,,shmb,,,113548,113548,1.0780,753688,754688,,N,N,43.700,buy,R,,9.71,N,353147440.0,353147440.0,Y,57.01,16130.70,-1.30%,00,buy,buy,buy,14:59:58,381.85,5.44%,3.786,-27.15%,-27.84%,402.640,402.640,-2.74%,14248.00,Y,0,0,,-,,N,-,buy,-,25-10-27,408.08,19.41,10.45,0.6%,0.6%,"转债占流动市值比：0.6%
转债占总市值比：0.6%",0.00,603688,sh113548,有效期：-；质押代码：113548,113548；2020-05-06 开始转股,全价：402.640 最后更新：14:59:58
113567,君禾转债,sh603617,君禾股份,C,10.58,2021-12-09,2020-09-10,2026-03-03,2024-03-04,,,100.000,y,54.22,30,30,0,0.00,,,10.87,113.000,n,130.000,15,30,0,,X,2.100,2.099,A+,A+,股票质押担保,,,,shmb,,,113567,113567,1.4730,753617,754617,,N,N,70.840,buy,,,4.74,N,259301043.0,199462981.0,Y,13.66,2560.97,-0.29%,00,buy,buy,buy,14:59:48,129.11,5.55%,4.134,-3.34%,-4.09%,136.280,136.280,-1.12%,3113.79,Y,0,0,,-,,N,-,buy,-,26-03-03,141.83,13.75,7.41,7.7%,5.9%,"转债占流动市值比：7.7%
转债占总市值比：5.9%",0.00,603617,sh113567,有效期：-；质押代码：113567,113567；2020-09-10 开始转股,全价：136.280 最后更新：14:59:48
123052,飞鹿转债,sz300665,飞鹿股份,C,7.05,2021-06-03,2020-12-11,2026-06-04,2024-06-04,,,100.000,y,47.64,30,30,0,0.00,,,37.55,120.000,n,130.000,15,30,0,,N,1.770,1.504,A+,A+,无担保,,,,szcy,2021年8月24日公告：本次（2021年8月4日至2021年8月24日）不提前赎回，至2022年2月24日均不提前赎回,,123052,123052,1.4612,380665,370665,,N,N,75.366,buy,,,3.29,N,173398120.0,132959648.0,Y,10.36,7108.60,-0.67%,00,buy,buy,buy,15:14:03,146.95,5.59%,4.389,-4.60%,-5.54%,155.160,155.160,-1.76%,8813.10,Y,0,0,G,-,,N,-,buy,-,26-06-04,160.75,9.16,4.93,10.9%,8.4%,"转债占流动市值比：10.9%
转债占总市值比：8.4%",0.00,300665,sz123052,有效期：-；质押代码：123052,123052；2020-12-11 开始转股,全价：155.160 最后更新：15:14:03
123089,九洲转2,sz300040,九洲集团,C,5.68,2021-07-14,2021-06-25,2026-12-20,2024-12-20,,,100.000,y,46.23,30,30,0,0.00,,,12.77,115.000,n,130.000,15,30,0,,N,5.000,3.063,AA-,AA-,无担保,,,,szcy,2021年10月26日公告：本次（截至2021年10月26日）不行使九洲转2的提前赎回权利，至2022年1月29日均不提前赎回,,123089,123089,1.3144,380040,370040,,N,N,61.460,buy,,,1.91,N,587645532.0,455302906.0,Y,8.60,11197.92,-3.26%,00,buy,buy,buy,15:14:03,151.41,5.82%,4.934,-5.69%,-6.34%,160.220,160.220,-4.67%,6472.74,Y,0,0,G,-,,N,-,buy,-,26-12-20,166.04,7.38,3.98,7.8%,6.1%,"转债占流动市值比：7.8%
转债占总市值比：6.1%",0.00,300040,sz123089,有效期：-；质押代码：123089,123089；2021-06-25 开始转股,全价：160.220 最后更新：15:14:03
118004,博瑞转债,sh688166,博瑞医药,C,35.68,,2022-07-11,2028-01-03,2026-01-05,,,100.000,y,74.11,30,30,0,0.00,,,,115.000,n,130.000,15,30,0,,X,4.650,4.650,AA-,AA-,无,,,,shkc,,,未到转股期,118004,1.1340,726166,718166,,N,N,55.740,-,R,,8.73,N,410000000.0,210912771.0,Y,33.70,8469.59,0.90%,00,buy,buy,buy,,94.45,5.88%,5.973,3.31%,2.68%,100.000,100.000,0.00%,0.00,Y,0,0,,-,,N,-,buy,-,28-01-03,105.88,46.38,24.98,6.5%,3.4%,"转债占流动市值比：6.5%
转债占总市值比：3.4%",0.00,688166,sh118004,有效期：-；质押代码：118004,未到转股期；2022-07-11 开始转股,待上市
110084,贵燃转债,sh600903,贵州燃气,C,10.17,,2022-07-01,2027-12-27,2025-12-29,,,100.000,y,74.16,30,30,0,0.00,,,,110.000,n,130.000,15,30,0,,X,10.000,10.000,AA,AA,无,,,,shmb,,,未到转股期,110084,0.8780,704903,733903,,N,N,49.410,-,R,,3.87,N,1138185027.0,1138185027.0,Y,9.60,5062.87,-1.64%,00,buy,buy,buy,,94.40,5.94%,5.953,2.43%,1.96%,100.000,100.000,0.00%,0.00,Y,0,0,,-,,N,-,buy,-,27-12-27,105.94,13.22,7.12,9.2%,9.2%,"转债占流动市值比：9.2%
转债占总市值比：9.2%",0.00,600903,sh110084,有效期：-；质押代码：110084,未到转股期；2022-07-01 开始转股,待上市
128113,比音转债,sz002832,比音勒芬,C,14.60,2021-07-07,2020-12-21,2026-06-14,2024-06-14,,,100.000,y,40.46,30,30,0,0.00,,,5.82,112.000,n,130.000,15,30,9,,X,6.890,2.979,AA,AA,无担保,,,,szmb,,,128113,128113,1.3147,082832,072832,,N,N,85.110,buy,,,4.64,N,550326712.0,369037012.0,Y,25.26,5711.20,-1.29%,00,buy,buy,buy,15:14:03,173.01,6.18%,4.416,-9.89%,-10.47%,183.701,183.701,-2.83%,3220.80,Y,0,0,,-,,N,-,buy,-,26-06-14,189.88,18.98,10.22,3.2%,2.1%,"转债占流动市值比：3.2%
转债占总市值比：2.1%",0.00,002832,sz128113,有效期：-；质押代码：128113,128113；2020-12-21 开始转股,全价：183.701 最后更新：15:14:03
123133,佩蒂转债,sz300673,佩蒂股份,C,19.92,,2022-06-28,2027-12-21,2025-12-22,,,100.000,y,74.37,30,30,0,0.00,,,,115.000,n,130.000,15,30,0,,X,7.200,7.200,AA-,AA-,无,,,,szcy,,,未到转股期,123133,2.8412,380673,370673,,N,N,81.350,-,,,2.85,N,253411200.0,162384480.0,Y,18.75,8174.14,-2.29%,00,buy,buy,buy,,94.13,6.24%,5.937,3.25%,2.63%,100.000,100.000,0.00%,0.00,Y,0,0,,-,,N,-,buy,-,27-12-21,106.24,25.90,13.94,23.6%,15.2%,"转债占流动市值比：23.6%
转债占总市值比：15.2%",0.00,300673,sz123133,有效期：-；质押代码：123133,未到转股期；2022-06-28 开始转股,待上市
123067,斯莱转债,sz300382,斯莱克,C,9.36,2021-06-30,2021-03-23,2026-09-16,2024-09-16,,,100.000,y,28.30,30,30,0,0.00,,,61.08,115.000,n,130.000,15,30,0,,N,3.880,2.400,AA-,AA-,无担保,,,,szcy,2021年11月15日公告：本次不行使提前赎回权利，至2022年2月23日均不提前赎回,,123067,123067,0.6940,380382,370382,,N,N,19.960,buy,,,11.29,N,580381337.0,580323512.0,Y,23.15,36715.33,9.15%,00,buy,buy,buy,15:14:03,247.33,6.28%,4.674,-15.57%,-16.16%,262.868,262.868,5.97%,38083.74,Y,0,0,G,-,,N,-,buy,-,26-09-16,269.15,12.17,6.55,1.8%,1.8%,"转债占流动市值比：1.8%
转债占总市值比：1.8%",0.00,300382,sz123067,有效期：-；质押代码：123067,123067；2021-03-23 开始转股,全价：262.868 最后更新：15:14:03
128081,海亮转债,sz002203,海亮股份,C,9.69,2021-06-23,2020-05-27,2025-11-21,2023-11-21,,,100.000,y,56.29,30,30,0,0.00,,,1.43,110.000,n,130.000,15,30,3,,X,31.500,30.055,AA,AA,无担保,,,,szmb,,,128081,128081,1.6136,082203,072203,,N,N,64.450,buy,R,,2.23,N,1966736307.0,1923941740.0,Y,12.05,7733.36,-0.90%,00,buy,buy,buy,15:14:03,124.36,6.35%,3.855,-3.78%,-4.40%,132.249,132.249,-1.31%,5692.26,Y,0,0,,-,,N,-,buy,-,25-11-21,138.60,12.60,6.78,13.0%,12.7%,"转债占流动市值比：13.0%
转债占总市值比：12.7%",0.00,002203,sz128081,有效期：-；质押代码：128081,128081；2020-05-27 开始转股,全价：132.249 最后更新：15:14:03
123027,蓝晓转债,sz300487,蓝晓科技,C,29.02,2021-06-24,2019-12-17,2025-06-10,2023-06-12,,,100.000,y,19.18,30,30,0,0.00,,,196.97,113.000,n,130.000,15,30,0,,N,3.400,1.070,A+,A+,无担保,,,,szcy,2021年11月1日公告：本次（2021年9月9日至2021年10月29日）不行使提前赎回权利，至2022年1月29日前均不提前赎回,,123027,123027,1.6461,380487,370487,,N,N,71.900,buy,,,11.66,N,219785441.0,128363816.0,Y,105.91,52235.47,3.88%,00,buy,buy,buy,15:14:03,364.96,6.87%,3.405,-29.93%,-30.52%,390.040,390.040,-0.58%,83316.06,Y,0,0,G,-,,N,-,buy,-,25-06-10,396.91,37.73,20.31,0.8%,0.5%,"转债占流动市值比：0.8%
转债占总市值比：0.5%",0.00,300487,sz123027,有效期：-；质押代码：123027,123027；2019-12-17 开始转股,全价：390.040 最后更新：15:14:03
127011,中鼎转2,sz000887,中鼎股份,C,11.39,2021-06-07,2019-09-16,2025-03-08,2023-03-08,,,100.000,y,32.68,30,30,0,0.00,,,26.69,110.000,n,130.000,15,30,9,,X,12.000,11.987,AA+,AA+,无担保,,,,szmb,,,127011,127011,0.9829,080887,070887,,N,N,63.530,buy,R,,3.14,N,1211364474.0,1208772051.0,Y,24.40,115161.35,8.83%,00,buy,buy,buy,15:14:03,214.22,7.25%,3.148,-20.17%,-20.77%,229.747,229.747,2.57%,74013.82,Y,0,0,,-,,N,-,buy,-,25-03-08,237.00,14.81,7.97,4.1%,4.1%,"转债占流动市值比：4.1%
转债占总市值比：4.1%",0.00,000887,sz127011,有效期：-；质押代码：127011,127011；2019-09-16 开始转股,全价：229.747 最后更新：15:14:03
113629,泉峰转债,sh603982,泉峰汽车,C,23.03,,2022-03-22,2027-09-13,2025-09-15,,,100.000,y,36.54,30,30,0,0.00,,,42.11,115.000,n,130.000,15,30,0,,X,6.200,6.200,AA-,AA-,无,,,,shmb,,,未到转股期,113629,3.0780,753982,754982,,N,N,36.230,buy,,,4.88,N,201415700.0,81723140.0,Y,44.12,24324.91,5.78%,00,buy,buy,buy,14:59:58,191.58,7.29%,5.666,-9.07%,-9.62%,205.540,205.540,3.83%,53766.50,Y,0,0,,-,,N,-,buy,-,27-09-13,212.83,29.94,16.12,17.2%,7.0%,"转债占流动市值比：17.2%
转债占总市值比：7.0%",0.00,603982,sh113629,有效期：-；质押代码：113629,未到转股期；2022-03-22 开始转股,全价：205.540 最后更新：14:59:58
128025,特一转债,sz002728,特一药业,C,13.80,2021-12-01,2018-06-12,2023-12-06,2021-12-06,,,100.000,y,50.84,30,30,0,0.00,,,365.64,106.000,n,130.000,15,30,4,,X,3.540,2.977,AA-,AA-,许丹青的股票,,,,szmb,,,128025,128025,1.7700,082728,072728,,N,N,74.250,buy,,,4.00,N,221643927.0,127186140.0,Y,19.00,50431.47,5.79%,00,buy,buy,buy,15:14:03,137.68,7.49%,1.893,-15.64%,-16.25%,148.000,148.000,4.23%,161045.37,Y,1,1,,-,,N,-,buy,-,23-12-06,155.49,17.94,9.66,12.3%,7.1%,"转债占流动市值比：12.3%
转债占总市值比：7.1%",0.00,002728,sz128025,有效期：-；质押代码：128025,128025；2018-06-12 开始转股,全价：148.000 最后更新：15:14:03
113537,文灿转债,sh603348,文灿股份,C,19.28,2021-06-18,2019-12-16,2025-06-09,2023-06-12,,,100.000,y,20.73,30,30,0,0.00,,,362.92,115.000,n,130.000,15,30,0,,N,8.000,1.406,AA-,AA-,无担保,,,,shmb,2021年10月27日公告：本次不行使文灿转债的提前赎回权利，至2022年4月27日前均不提前赎回,,113537,113537,3.6360,753348,754348,,N,N,18.080,buy,,,6.42,N,262171258.0,257431258.0,Y,65.09,13553.57,10.01%,00,buy,buy,buy,15:00:00,337.60,7.60%,3.403,-28.09%,-28.75%,363.250,363.250,9.23%,187001.41,Y,0,0,G,-,,N,-,buy,-,25-06-09,370.85,25.06,13.50,0.8%,0.8%,"转债占流动市值比：0.8%
转债占总市值比：0.8%",0.00,603348,sh113537,有效期：-；质押代码：113537,113537；2019-12-16 开始转股,全价：363.250 最后更新：15:00:00
123046,天铁转债,sz300587,天铁股份,C,6.73,2021-12-07,2020-09-25,2026-03-18,2024-03-18,,,100.000,y,24.52,30,30,0,0.00,,,47.07,112.000,n,130.000,15,30,0,,N,3.990,0.597,AA-,AA-,无担保,,,,szcy,2021年12月28日公告：本次（2021年12月7日至2021年12月27日）不提前赎回，至2022年6月27日均不提前赎回,,123046,123046,2.1957,380587,370587,,N,N,52.910,buy,,,7.06,N,628245517.0,478444620.0,Y,19.21,11008.09,0.37%,00,buy,buy,buy,15:14:03,285.44,7.74%,4.175,-20.88%,-21.40%,307.538,307.538,-0.25%,8630.82,Y,0,0,G,-,,N,-,buy,-,26-03-18,315.28,8.75,4.71,0.6%,0.5%,"转债占流动市值比：0.6%
转债占总市值比：0.5%",0.00,300587,sz123046,有效期：-；质押代码：123046,123046；2020-09-25 开始转股,全价：307.538 最后更新：15:14:03
128100,搜特转债,sz002503,搜于特,C,1.62,2021-08-17,2020-09-18,2026-03-11,2024-03-11,,,100.000,y,67.50,30,30,0,0.00,,,12.16,112.000,n,130.000,15,30,0,,X,8.000,7.991,A,A,无担保,,,,szmb,,,128100,128100,0.2622,082503,072503,,N,N,9.330,buy,R,,3.16,N,3092868251.0,2543064601.0,Y,1.68,24637.45,0.00%,00,buy,buy,buy,15:14:03,103.70,7.78%,4.156,1.11%,0.38%,111.771,111.771,-1.51%,10941.16,Y,2,2,,-,,N,-,buy,-,26-03-11,119.55,2.11,1.13,18.7%,15.4%,"转债占流动市值比：18.7%
转债占总市值比：15.4%",0.00,002503,sz128100,有效期：-；质押代码：128100,128100；2020-09-18 开始转股,全价：111.771 最后更新：15:14:03
128093,百川转债,sz002455,百川股份,C,5.77,2021-05-27,2020-07-09,2026-01-03,2024-01-03,,,100.000,y,31.12,30,30,0,0.00,,,19.14,120.000,n,130.000,20,30,9,,X,5.200,1.614,AA-,AA-,自有资产抵押担保,,,,szmb,,,128093,128093,1.0314,082455,072455,,N,N,19.690,buy,,,4.07,N,565949304.0,450664327.0,Y,12.98,13379.71,-2.26%,00,buy,buy,buy,15:14:03,224.96,7.80%,3.973,-15.08%,-16.01%,242.500,242.500,-1.21%,7555.60,Y,0,0,,-,,N,-,buy,-,26-01-03,250.30,7.50,4.04,2.8%,2.2%,"转债占流动市值比：2.8%
转债占总市值比：2.2%",0.00,002455,sz128093,有效期：-；质押代码：128093,128093；2020-07-09 开始转股,全价：242.500 最后更新：15:14:03
123134,卡倍转债,sz300863,卡倍亿,C,92.50,,2022-07-01,2027-12-27,2025-12-29,,,100.000,y,75.47,30,30,0,0.00,,,,115.000,n,130.000,15,30,0,,X,2.790,2.790,A+,A+,无,,,,szcy,,,未到转股期,123134,5.0516,380863,370863,,N,N,79.110,-,R,,7.49,N,55230000.0,18720000.0,Y,85.80,9581.13,1.61%,00,buy,buy,buy,,92.76,7.81%,5.953,3.32%,2.69%,100.000,100.000,0.00%,0.00,Y,0,0,,-,,N,-,buy,-,27-12-27,107.81,120.25,64.75,17.4%,5.9%,"转债占流动市值比：17.4%
转债占总市值比：5.9%",0.00,300863,sz123134,有效期：-；质押代码：123134,未到转股期；2022-07-01 开始转股,待上市
113525,台华转债,sh603055,台华新材,C,7.78,2021-05-28,2019-06-21,2024-12-16,2022-12-17,,,100.000,y,33.07,30,30,0,0.00,,,16.81,110.000,n,130.000,15,30,0,,N,5.330,1.854,AA,AA,无担保,,,,shmb,2021年12月28日公告：本次（2021年12月7日至2021年12月27日）不提前赎回，至2022年3月27日均不提前赎回,,113525,113525,0.9730,753055,754055,,N,N,29.060,buy,,,3.99,N,868874372.0,804671904.0,Y,16.47,11168.21,4.11%,00,buy,buy,buy,14:59:46,211.70,7.83%,2.923,-21.54%,-22.14%,228.270,228.270,1.09%,7129.64,Y,0,0,G,-,,N,-,buy,-,24-12-16,236.10,10.11,5.45,1.4%,1.3%,"转债占流动市值比：1.4%
转债占总市值比：1.3%",0.00,603055,sh113525,有效期：-；质押代码：113525,113525；2019-06-21 开始转股,全价：228.270 最后更新：14:59:46
123097,美力转债,sz300611,美力科技,C,9.28,2021-07-09,2021-08-02,2027-01-26,2025-01-27,,,100.000,y,54.73,30,30,0,0.00,,,24.46,115.000,n,130.000,15,30,6,,X,3.000,2.999,A+,A+,无,,,,szcy,,,123097,123097,1.7295,380611,370611,,N,N,57.250,buy,,,2.64,N,178963188.0,121740438.0,Y,11.87,6137.85,-0.08%,00,buy,buy,buy,15:14:03,127.91,7.89%,5.036,-2.54%,-3.24%,138.000,138.000,0.01%,10154.23,Y,0,0,,-,,N,-,buy,-,27-01-26,145.89,12.06,6.50,20.8%,14.1%,"转债占流动市值比：20.8%
转债占总市值比：14.1%",0.00,300611,sz123097,有效期：-；质押代码：123097,123097；2021-08-02 开始转股,全价：138.000 最后更新：15:14:03
128111,中矿转债,sz002738,中矿资源,C,15.45,2022-01-06,2020-12-17,2026-06-10,2024-06-10,,,100.000,y,18.81,30,30,0,0.00,,,66.61,118.000,n,130.000,15,30,0,,N,8.000,1.447,AA-,AA-,无担保,,,,szmb,2021年1月28日公告，本次（2020年12月17日至2021年1月28日）不行使提前赎回权利不提前赎回，至2022年1月28日前均不提前赎回,,128111,128111,2.8784,082738,072738,,N,N,70.254,buy,,,5.00,N,325175572.0,296108329.0,Y,57.49,49009.73,1.09%,00,buy,buy,buy,15:14:03,372.10,7.90%,4.405,-23.73%,-24.37%,401.495,401.495,1.26%,38525.92,Y,0,0,G,-,,N,-,buy,-,26-06-10,409.39,20.09,10.81,0.9%,0.8%,"转债占流动市值比：0.9%
转债占总市值比：0.8%",0.00,002738,sz128111,有效期：-；质押代码：128111,128111；2020-12-17 开始转股,全价：401.495 最后更新：15:14:03
128130,景兴转债,sz002067,景兴纸业,C,3.40,,2021-03-04,2026-08-30,2024-08-30,,,100.000,y,68.00,30,30,0,0.00,,,1.79,110.000,n,130.000,15,30,0,,X,12.800,9.987,AA,AA,无担保,,,,szmb,,,128130,128130,1.1519,082067,072067,,N,N,53.140,buy,R,,0.89,N,1193928835.0,1056303835.0,Y,4.00,11830.83,-2.91%,00,buy,buy,buy,15:14:03,117.65,8.03%,4.627,-2.21%,-2.77%,127.100,127.100,-1.84%,2282.66,Y,0,0,,-,,N,-,buy,-,26-08-30,135.13,4.42,2.72,23.6%,20.9%,"转债占流动市值比：23.6%
转债占总市值比：20.9%",0.00,002067,sz128130,有效期：-；质押代码：128130,128130；2021-03-04 开始转股,全价：127.100 最后更新：15:14:03
123103,震安转债,sz300767,震安科技,C,56.89,2021-06-11,2021-09-22,2027-03-11,2025-03-11,,,100.000,y,43.55,30,30,0,0.00,,,6.79,115.000,n,130.000,15,30,0,,N,2.850,2.525,A+,A+,无,,,,szcy,2021年10月21日公告：本次（2021年9月22日至2021年10月19日）不行使提前赎回权利，至2022年4月20日均不提前赎回,,123103,123103,1.9791,380767,370767,,N,N,53.950,buy,,,14.64,N,202170726.0,118282633.0,Y,91.44,11414.73,-3.03%,00,buy,buy,buy,15:14:03,160.73,8.11%,5.156,-6.86%,-7.49%,173.764,173.764,-2.38%,2999.85,Y,0,0,G,-,,N,-,buy,-,27-03-11,181.87,73.96,39.82,2.3%,1.4%,"转债占流动市值比：2.3%
转债占总市值比：1.4%",0.00,300767,sz123103,有效期：-；质押代码：123103,123103；2021-09-22 开始转股,全价：173.764 最后更新：15:14:03
113609,永安转债,sh603776,永安行,C,16.48,2021-06-11,2021-05-31,2026-11-23,2024-11-25,,,100.000,y,58.06,30,30,0,0.00,,,8.75,115.000,n,130.000,15,30,2,,X,8.860,7.338,AA-,AA-,无担保,,,,shmb,,,113609,113609,4.7620,753776,754776,,N,N,81.304,buy,R,,1.34,N,233447522.0,231880822.0,Y,19.87,15398.50,2.85%,00,buy,buy,buy,14:59:59,120.57,8.17%,4.860,-1.71%,-2.40%,130.420,130.420,0.52%,8466.07,Y,0,0,,-,,N,-,buy,-,26-11-23,138.59,21.42,11.54,15.9%,15.8%,"转债占流动市值比：15.9%
转债占总市值比：15.8%",0.00,603776,sh113609,有效期：-；质押代码：113609,113609；2021-05-31 开始转股,全价：130.420 最后更新：14:59:59
123031,晶瑞转债,sz300655,晶瑞电材,C,10.13,2021-05-07,2020-03-05,2025-08-28,2023-08-28,,,100.000,y,18.47,30,30,0,0.00,,,38.29,111.000,n,130.000,15,30,13,,X,1.850,0.530,A+,A+,无担保,,,,szcy,,,123031,123031,1.2217,380655,370655,,N,N,8.110,buy,,,8.39,N,340639856.0,289329418.0,Y,38.39,22465.87,-0.29%,00,buy,buy,buy,15:14:03,378.97,8.53%,3.622,-29.94%,-30.41%,411.300,411.300,-1.06%,8428.34,Y,0,0,,-,,N,-,buy,-,25-08-28,419.83,13.17,7.09,0.5%,0.4%,"转债占流动市值比：0.5%
转债占总市值比：0.4%",0.00,300655,sz123031,有效期：-；质押代码：123031,123031；2020-03-05 开始转股,全价：411.300 最后更新：15:14:03
127042,嘉美转债,sz002969,嘉美包装,C,4.87,,2022-02-14,2027-08-09,2025-08-11,,,100.000,y,61.53,30,30,0,0.00,,,3.06,112.000,n,130.000,15,30,0,,X,7.500,7.500,AA,AA,无,,,,szmb,,,未到转股期,127042,0.7809,082969,072969,,N,N,8.550,-,,,2.33,N,962265735.0,444176962.0,Y,5.54,2366.63,-2.29%,00,buy,buy,buy,15:14:03,113.76,8.63%,5.570,-0.98%,-1.51%,123.570,123.570,-2.01%,2860.98,Y,0,0,,-,,N,-,buy,-,27-08-09,132.20,6.33,3.41,30.5%,14.1%,"转债占流动市值比：30.5%
转债占总市值比：14.1%",0.00,002969,sz127042,有效期：-；质押代码：127042,未到转股期；2022-02-14 开始转股,全价：123.570 最后更新：15:14:03
113025,明泰转债,sh601677,明泰铝业,C,11.00,2021-05-14,2019-10-16,2025-04-09,2023-04-10,,,100.000,y,18.69,30,30,0,0.00,,,2.74,110.000,n,130.000,15,30,0,,N,18.390,10.966,AA,AA,无担保,,,,shmb,2021年7月19日公告：本次（2021年6月29日至2021年7月19日）不行使明泰转债的提前赎回权利，至2022年1月18日均不提前赎回,,113025,113025,3.1170,764677,783677,,N,N,24.000,buy,,,2.75,N,682582320.0,682436220.0,Y,41.19,20929.35,-0.75%,00,buy,buy,buy,14:59:51,374.45,8.74%,3.236,-32.83%,-33.30%,407.180,407.180,-2.44%,12370.94,Y,0,0,G,-,,N,-,buy,-,25-04-09,415.92,14.30,7.70,3.9%,3.9%,"转债占流动市值比：3.9%
转债占总市值比：3.9%",0.00,601677,sh113025,有效期：-；质押代码：113025,113025；2019-10-16 开始转股,全价：407.180 最后更新：14:59:51
128096,奥瑞转债,sz002701,奥瑞金,C,4.50,2021-06-09,2020-08-17,2026-02-11,2024-02-12,,,100.000,y,45.99,30,30,0,0.00,,,64.02,110.000,n,130.000,15,30,9,,X,10.870,5.665,AA+,AA+,无担保,,,,szmb,,,128096,128096,0.4614,082701,072701,,N,N,58.210,buy,R,,2.27,N,2447652008.0,2445438132.0,Y,6.85,65299.30,5.38%,00,buy,buy,buy,15:14:03,152.22,9.12%,4.079,-8.71%,-9.29%,166.101,166.101,0.53%,62620.36,Y,0,0,,-,,N,-,buy,-,26-02-11,175.22,5.85,3.15,3.4%,3.4%,"转债占流动市值比：3.4%
转债占总市值比：3.4%",0.00,002701,sz128096,有效期：-；质押代码：128096,128096；2020-08-17 开始转股,全价：166.101 最后更新：15:14:03
123112,万讯转债,sz300112,万讯自控,C,8.93,2021-05-28,2021-10-14,2027-04-07,2025-04-07,,,100.000,y,47.97,30,30,0,0.00,,,53.35,118.000,n,130.000,15,30,0,,N,2.457,2.454,AA-,AA-,无,,,,szcy,2021年11月27日公告：本次（2021年11月1日至2021年11月26日）不行使提前赎回权利，至2022年2月26日均不提前赎回,,123112,123112,0.8599,380112,370112,,N,N,30.520,-,,,3.24,N,285779089.0,219186741.0,Y,13.03,26974.76,-5.24%,00,buy,buy,buy,15:14:03,145.91,10.20%,5.230,-4.88%,-5.60%,160.800,160.800,-3.32%,21622.56,Y,0,0,G,-,,N,-,buy,-,27-04-07,171.00,11.61,6.25,8.6%,6.6%,"转债占流动市值比：8.6%
转债占总市值比：6.6%",0.00,300112,sz123112,有效期：-；质押代码：123112,123112；2021-10-14 开始转股,全价：160.800 最后更新：15:14:03
123127,耐普转债,sz300818,耐普矿机,C,37.00,,2022-05-04,2027-10-28,2025-10-28,,,100.000,y,55.64,30,30,0,0.00,,,56.90,110.000,n,130.000,15,30,0,,X,4.000,4.000,A+,A+,无,,,,szcy,,,未到转股期,123127,5.7870,380818,370818,,N,N,22.780,-,,,3.46,N,70000000.0,31453000.0,Y,46.55,22439.12,1.04%,00,buy,buy,buy,15:14:03,125.81,10.44%,5.789,-3.10%,-3.57%,138.950,138.950,-0.36%,32037.73,Y,0,0,,-,,N,-,buy,-,27-10-28,149.39,48.10,25.90,27.3%,12.3%,"转债占流动市值比：27.3%
转债占总市值比：12.3%",0.00,300818,sz123127,有效期：-；质押代码：123127,未到转股期；2022-05-04 开始转股,全价：138.950 最后更新：15:14:03
113550,常汽转债,sh603035,常熟汽饰,C,9.33,2021-05-28,2020-05-22,2025-11-17,2023-11-17,,,100.000,y,31.86,30,30,0,0.00,,,108.16,115.000,n,130.000,15,30,0,,N,9.924,2.147,AA-,AA-,无担保,,,,shmb,2021年12月3日公告：本次（2021年11月12日至2021年12月2日）不行使提前赎回权利，至2022年3月2日）均不提前赎回,,113550,113550,3.5440,753035,754035,,N,N,49.290,buy,,,1.87,N,360749112.0,360749112.0,Y,20.50,40230.50,2.50%,00,buy,buy,buy,15:00:00,219.72,10.58%,3.844,-16.95%,-17.65%,242.970,242.970,-2.32%,57798.70,Y,0,0,G,-,,N,-,buy,-,25-11-17,253.55,12.13,6.53,2.9%,2.9%,"转债占流动市值比：2.9%
转债占总市值比：2.9%",0.00,603035,sh113550,有效期：-；质押代码：113550,113550；2020-05-22 开始转股,全价：242.970 最后更新：15:00:00
123110,九典转债,sz300705,九典制药,C,26.44,2021-05-19,2021-10-08,2027-03-31,2025-03-31,,,100.000,y,53.97,30,30,0,0.00,,,22.42,115.000,n,130.000,15,30,3,,X,2.700,2.698,A+,A+,无,,,,szcy,,,123110,123110,1.1505,380705,370705,,N,N,44.270,buy,,,7.56,N,234687298.0,142890383.0,Y,34.29,7741.54,2.36%,00,buy,buy,buy,15:14:03,129.69,11.03%,5.211,-3.29%,-3.96%,144.000,144.000,1.77%,8657.41,Y,0,0,,-,,N,-,buy,-,27-03-31,155.03,34.37,18.51,5.5%,3.4%,"转债占流动市值比：5.5%
转债占总市值比：3.4%",0.00,300705,sz123110,有效期：-；质押代码：123110,123110；2021-10-08 开始转股,全价：144.000 最后更新：15:14:03
113039,嘉泽转债,sh601619,嘉泽新能,C,3.46,2021-06-11,2021-03-01,2026-08-23,2024-08-23,,,100.000,y,52.65,30,30,0,0.00,,,13.10,108.000,n,130.000,15,30,0,,N,13.000,2.885,AA,AA,无担保,,,,shmb,2022年1月6日公告：本次（2021年12月15日至2022年1月5日）不提前赎回，至2022年4月5日均不提前赎回,,113039,113039,0.6260,764619,783619,,N,N,76.530,buy,,,2.32,N,2434220009.0,2365350009.0,Y,4.60,11984.14,-2.95%,00,buy,buy,buy,15:00:00,132.95,11.28%,4.608,-5.81%,-6.27%,147.940,147.940,-2.40%,5692.36,Y,0,0,G,-,,N,-,buy,-,26-08-23,159.22,4.50,2.42,2.7%,2.6%,"转债占流动市值比：2.7%
转债占总市值比：2.6%",0.00,601619,sh113039,有效期：-；质押代码：113039,113039；2021-03-01 开始转股,全价：147.940 最后更新：15:00:00
113588,润达转债,sh603108,润达医疗,C,13.25,2021-07-16,2020-12-23,2026-06-16,2024-06-17,,,100.000,y,56.76,30,30,0,0.00,,,34.24,109.000,n,130.000,15,30,0,,X,5.500,5.499,AA,AA,无担保,,,,shmb,,,113588,113588,0.9490,753108,754108,,N,N,58.090,buy,R,,2.78,N,579538395.0,579538395.0,Y,16.34,70452.32,9.96%,00,buy,buy,buy,14:59:58,123.32,11.30%,4.422,-4.21%,-4.74%,137.250,137.250,1.65%,26180.49,Y,0,0,,-,,N,-,buy,-,26-06-16,148.55,17.23,9.28,5.8%,5.8%,"转债占流动市值比：5.8%
转债占总市值比：5.8%",0.00,603108,sh113588,有效期：-；质押代码：113588,113588；2020-12-23 开始转股,全价：137.250 最后更新：14:59:58
132014,18中化EB,sh601117,中国化学,E,7.39,2021-09-10,2019-04-25,2023-04-24,2022-04-24,,,100.000,y,50.77,30,30,0,1.07,2022-01-17,2022-01-17,0.47,106.000,y,130.000,15,30,0,,N,35.000,14.906,AAA,AAA,预备用于交换的中国化学股票设定为本次债券的担保物,,,,shmb,2021年8月19日公告：本次（2021年7月8日至2021年8月18日）不提前赎回，至2022年3月18日均不提前赎回,,132014,132014,,,,,Q,Q,,buy,R,,1.26,N,6109470588.0,4933000000.0,Y,10.19,84403.70,-4.50%,00,buy,buy,buy,14:59:53,137.89,11.37%,1.274,-24.37%,-25.21%,152.910,153.566,-5.02%,1089.55,Y,0,0,G,-,,N,-,buy,-,23-04-24,164.28,9.61,5.17,3.0%,2.4%,"转债占流动市值比：3.0%
转债占总市值比：2.4%",0.00,601117,sh132014,有效期：2022-01-17 到 2022-01-17；质押代码：132014,132014；2019-04-25 开始转股,全价：153.566 最后更新：14:59:53
111000,起帆转债,sh605222,起帆电缆,C,20.10,2021-10-29,2021-11-29,2027-05-24,2025-05-23,,,100.000,y,54.58,30,30,0,0.00,,,2.61,115.000,n,130.000,15,30,1,,X,10.000,9.997,AA-,AA-,无,,,,shmb,,,111000,111000,,715222,713222,,N,N,35.980,buy,,,3.00,N,418213213.0,100016213.0,Y,25.78,12411.12,1.30%,00,buy,buy,buy,15:00:00,128.26,11.57%,5.359,-3.21%,-3.84%,143.100,143.100,-0.51%,3751.90,Y,0,0,,-,,N,-,buy,-,27-05-24,154.67,26.13,14.07,38.8%,9.3%,"转债占流动市值比：38.8%
转债占总市值比：9.3%",0.00,605222,sh111000,有效期：-；质押代码：111000,111000；2021-11-29 开始转股,全价：143.100 最后更新：15:00:00
128040,华通转债,sz002758,浙农股份,C,10.15,2021-06-07,2018-12-21,2024-06-13,2022-06-14,,,100.000,y,59.76,30,30,0,0.00,,,5.30,108.000,n,130.000,15,30,0,,X,2.240,2.222,AA,AA,出质人钱木水、沈剑巢、朱国良将其合法拥有的公司股票作为质押资产进行质押担保，钱木水、沈剑巢、朱国良为本次发行可转债提供连带责任保证,,,,szmb,,,128040,128040,1.0666,082758,072758,,N,N,29.770,buy,,,1.75,N,487993037.0,195027600.0,Y,11.89,2963.20,0.68%,00,buy,buy,buy,15:14:03,117.14,11.88%,2.414,-6.65%,-7.43%,131.058,131.058,-0.69%,1551.02,Y,0,0,,-,,N,-,buy,-,24-06-13,142.94,13.20,7.11,9.6%,3.8%,"转债占流动市值比：9.6%
转债占总市值比：3.8%",0.00,002758,sz128040,有效期：-；质押代码：128040,128040；2018-12-21 开始转股,全价：131.058 最后更新：15:14:03
113051,节能转债,sh601016,节能风电,C,4.05,,2021-12-27,2027-06-21,2025-06-20,,,100.000,y,52.60,30,30,0,0.00,,,4.50,110.000,n,130.000,15,30,14,,X,30.000,29.994,AA+,AA+,无担保,,,,shmb,,,113051,113051,0.5980,764016,783016,,N,N,63.210,buy,R,,2.54,N,5012746687.0,4480556368.0,Y,5.39,43196.24,-0.74%,00,buy,buy,buy,14:59:58,133.09,12.05%,5.436,-4.81%,-5.25%,149.120,149.120,0.37%,20187.55,Y,0,0,,-,,N,-,buy,-,27-06-21,161.17,5.26,2.83,12.4%,11.1%,"转债占流动市值比：12.4%
转债占总市值比：11.1%",0.00,601016,sh113051,有效期：-；质押代码：113051,113051；2021-12-27 开始转股,全价：149.120 最后更新：14:59:58
123071,天能转债,sz300569,天能重工,C,7.91,2021-08-02,2021-04-27,2026-10-20,2024-10-21,,,100.000,y,43.22,30,30,0,0.00,,,10.47,115.000,n,130.000,15,30,0,,N,7.000,6.943,AA-,AA-,无担保,,,,szcy,2021年10月15日公告：本次（2021年9月15日至2021年10月14日）不提前赎回，至2022年10月14日均不提前赎回,,123071,123071,1.7863,380569,370569,,N,N,70.512,buy,,,2.81,N,797386255.0,571997143.0,Y,12.81,11315.22,1.26%,00,buy,buy,buy,15:14:03,161.95,12.26%,4.767,-8.37%,-9.03%,181.795,181.795,-0.62%,13408.34,Y,1,1,G,-,,N,-,buy,-,26-10-20,194.05,10.28,5.54,9.5%,6.8%,"转债占流动市值比：9.5%
转债占总市值比：6.8%",0.00,300569,sz123071,有效期：-；质押代码：123071,123071；2021-04-27 开始转股,全价：181.795 最后更新：15:14:03
113568,新春转债,sh603667,五洲新春,C,8.75,2021-06-15,2020-09-14,2026-03-05,2024-03-05,,,100.000,y,40.16,30,30,0,0.00,,,11.72,118.000,n,130.000,15,30,0,,N,3.300,2.436,AA-,AA-,无担保,,,,shmb,2021年8月10日公告：本次（2021年7月12日至2021年8月10日）不行使提前赎回权利，至2022年2月10日均不提前赎回,,113568,113568,1.1600,753667,754667,,N,N,15.920,buy,,,2.39,N,301173285.0,265065997.0,Y,15.25,6856.61,2.62%,00,buy,buy,buy,14:59:50,174.29,12.28%,4.140,-10.60%,-11.44%,195.690,195.690,0.66%,5635.22,Y,0,0,G,-,,N,-,buy,-,26-03-05,207.97,11.38,6.12,6.0%,5.3%,"转债占流动市值比：6.0%
转债占总市值比：5.3%",0.00,603667,sh113568,有效期：-；质押代码：113568,113568；2020-09-14 开始转股,全价：195.690 最后更新：14:59:50
113504,艾华转债,sh603989,艾华集团,C,20.81,2021-06-24,2018-09-08,2024-03-02,2022-03-02,,,100.000,y,40.72,30,30,0,0.00,,,4.09,106.000,n,130.000,15,30,0,,N,6.910,4.628,AA,AA,无担保,,,,shmb,2022年1月7日公告：本次（2021年12月17日至2022年1月7日）不提前赎回，至2022年4月7日均不提前赎回,,113504,113504,2.3030,753989,754989,,N,N,82.470,buy,R,,4.87,N,400813533.0,400813533.0,Y,35.77,4558.62,0.06%,00,buy,buy,buy,14:59:58,171.89,12.29%,2.132,-23.76%,-24.31%,193.010,193.010,-1.47%,3724.02,Y,1,1,G,-,,N,-,buy,-,24-03-02,205.30,27.05,14.57,3.2%,3.2%,"转债占流动市值比：3.2%
转债占总市值比：3.2%",0.00,603989,sh113504,有效期：-；质押代码：113504,113504；2018-09-08 开始转股,全价：193.010 最后更新：14:59:58
128145,日丰转债,sz002953,日丰股份,C,13.66,2021-06-02,2021-09-27,2027-03-21,2025-03-21,,,100.000,y,54.92,30,30,0,0.00,,,6.23,110.000,n,130.000,30,30,0,,X,3.800,3.797,AA-,AA-,股份质押的担保方式,,,,szmb,,,128145,128145,2.1854,082953,072953,,N,N,79.780,buy,,,3.41,N,243382760.0,74669185.0,Y,17.41,5232.00,0.58%,00,buy,buy,buy,15:14:03,127.45,12.36%,5.184,-4.15%,-4.65%,143.200,143.200,-1.38%,3445.75,Y,0,0,,-,,N,-,buy,-,27-03-21,155.56,17.76,9.56,29.2%,9.0%,"转债占流动市值比：29.2%
转债占总市值比：9.0%",0.00,002953,sz128145,有效期：-；质押代码：128145,128145；2021-09-27 开始转股,全价：143.200 最后更新：15:14:03
123035,利德转债,sz300296,利亚德,C,6.96,2021-05-24,2020-05-20,2025-11-13,2023-11-13,,,100.000,y,44.66,30,30,0,0.00,,,17.45,110.000,n,130.000,15,30,0,,N,8.000,7.988,AA+,AA+,无担保,,,,szcy,2021年8月6日公告：本次（自2021年7月19日至2021年8月6日）不行使提前赎回的权利，至2022年2月6日均不提前赎回,,123035,123035,0.3174,380296,370296,,N,N,53.270,buy,R,,3.61,N,2542901478.0,1988702066.0,Y,10.91,198128.00,7.07%,00,buy,buy,buy,15:14:03,156.75,12.41%,3.833,-10.84%,-11.41%,176.210,176.210,4.28%,24268.64,Y,0,0,G,-,,N,-,buy,-,25-11-13,188.62,9.05,4.87,3.7%,2.9%,"转债占流动市值比：3.7%
转债占总市值比：2.9%",0.00,300296,sz123035,有效期：-；质押代码：123035,123035；2020-05-20 开始转股,全价：176.210 最后更新：15:14:03
127029,中钢转债,sz000928,中钢国际,C,5.79,2021-09-24,2021-09-27,2027-03-18,2025-03-18,,,100.000,y,53.33,30,30,0,0.00,,,4.91,113.000,n,130.000,15,30,0,,N,9.600,8.195,AA+,AA+,无,,,,szmb,2021年10月26日公告：本次（2021年9月27日至10月26日）不行使提前赎回权利，至2022年4月25日前均不提前赎回,,127029,127029,0.7639,080928,070928,,N,N,20.710,buy,R,,1.61,N,1280919103.0,1280887903.0,Y,7.60,13902.63,-0.39%,00,buy,buy,buy,15:14:03,131.26,12.49%,5.175,-4.38%,-4.93%,147.660,147.660,-1.04%,5972.44,Y,0,0,G,-,,N,-,buy,-,27-03-18,160.15,7.53,4.05,8.4%,8.4%,"转债占流动市值比：8.4%
转债占总市值比：8.4%",0.00,000928,sz127029,有效期：-；质押代码：127029,127029；2021-09-27 开始转股,全价：147.660 最后更新：15:14:03
123042,银河转债,sz300619,金银河,C,23.59,2021-12-10,2020-07-20,2026-01-13,2024-01-15,,,100.000,y,22.79,30,30,0,0.00,,,123.34,110.000,n,130.000,15,30,9,,X,1.670,0.975,A+,A+,无担保,,,,szcy,,,123042,123042,2.2316,380619,370619,,N,N,49.650,buy,,,10.94,N,84664538.0,59449716.0,Y,72.46,14939.71,0.04%,00,buy,buy,buy,15:14:03,307.16,12.71%,4.000,-24.44%,-24.88%,346.191,346.191,-4.63%,42945.09,Y,0,0,,-,,N,-,buy,-,26-01-13,358.90,30.67,16.51,2.3%,1.6%,"转债占流动市值比：2.3%
转债占总市值比：1.6%",0.00,300619,sz123042,有效期：-；质押代码：123042,123042；2020-07-20 开始转股,全价：346.191 最后更新：15:14:03
113027,华钰转债,sh601020,ST华钰,C,10.17,,2019-12-20,2025-06-13,2023-06-14,,,100.000,y,59.67,30,30,0,0.00,,,12.43,110.000,n,130.000,15,30,0,,N,6.400,3.098,A,A,无担保,,,,shmb,2021年11月10日公告，本次（2021年10月19日至2021年11月9日）不行使提前赎回权利，至2022年4月18日均不提前赎回,,113027,113027,1.2160,764020,783020,,N,N,4.450,buy,,,2.47,N,555312548.0,555314020.0,Y,11.93,9072.42,-0.83%,00,buy,buy,buy,14:59:58,117.31,12.76%,3.414,-4.27%,-4.97%,132.270,132.270,-1.63%,5143.74,Y,0,0,G,-,,N,-,buy,-,25-06-13,145.03,13.22,7.12,4.7%,4.7%,"转债占流动市值比：4.7%
转债占总市值比：4.7%",0.00,601020,sh113027,有效期：-；质押代码：113027,113027；2019-12-20 开始转股,全价：132.270 最后更新：14:59:58
123080,海波转债,sz300517,海波重科,C,11.58,2021-06-01,2021-06-08,2026-12-01,2024-12-02,,,100.000,y,60.86,30,30,0,0.00,,,5.05,120.000,n,130.000,15,30,0,,X,2.450,2.435,A+,A+,无担保,,,,szcy,,,123080,123080,2.2955,380517,370517,,N,N,77.246,buy,,,2.80,N,192182818.0,112564498.0,Y,13.32,2361.93,-2.35%,00,buy,buy,buy,15:14:03,115.03,12.87%,4.882,-0.62%,-1.49%,129.824,129.824,-1.65%,1607.52,Y,0,0,,-,,N,-,buy,-,26-12-01,142.69,15.05,8.11,16.2%,9.5%,"转债占流动市值比：16.2%
转债占总市值比：9.5%",0.00,300517,sz123080,有效期：-；质押代码：123080,123080；2021-06-08 开始转股,全价：129.824 最后更新：15:14:03
127013,创维转债,sz000810,创维数字,C,11.29,2021-06-10,2019-10-21,2025-04-15,2023-04-17,,,100.000,y,58.54,30,30,0,0.00,,,44.68,113.000,n,130.000,15,30,0,,X,10.400,9.778,AA,AA,无担保,,,,szmb,,,127013,127013,0.9821,080810,070810,,N,N,26.600,buy,R,,3.29,N,1063237105.0,1030222093.0,Y,13.50,129419.50,4.41%,00,buy,buy,buy,15:14:03,119.57,13.53%,3.252,-4.48%,-5.35%,135.750,135.750,-1.56%,60039.46,Y,0,0,,-,,N,-,buy,-,25-04-15,149.28,14.68,7.90,7.0%,6.8%,"转债占流动市值比：7.0%
转债占总市值比：6.8%",0.00,000810,sz127013,有效期：-；质押代码：127013,127013；2019-10-21 开始转股,全价：135.750 最后更新：15:14:03
127028,英特转债,sz000411,英特集团,C,13.22,2021-12-24,2021-07-12,2027-01-04,2025-01-06,,,100.000,y,62.87,30,30,0,0.00,,,12.13,108.000,n,130.000,15,30,0,,X,6.000,5.989,AA+,AA+,无担保,,,,szmb,,,127028,127028,2.4102,080411,070411,,N,N,52.150,buy,,,1.99,N,255376150.0,207422211.0,Y,14.72,11867.35,-0.34%,00,buy,buy,buy,15:14:03,111.35,13.60%,4.975,-2.32%,-2.76%,126.495,126.495,-1.31%,9334.08,Y,1,1,,-,,N,-,buy,-,27-01-04,140.09,17.19,9.25,19.6%,15.9%,"转债占流动市值比：19.6%
转债占总市值比：15.9%",0.00,000411,sz127028,有效期：-；质押代码：127028,127028；2021-07-12 开始转股,全价：126.495 最后更新：15:14:03
128075,远东转债,sz002406,远东传动,C,5.29,2021-07-13,2020-03-27,2025-09-23,2023-09-25,,,100.000,y,61.00,30,30,0,0.00,,,1.43,110.000,n,130.000,15,30,0,,X,8.940,5.438,AA,AA,无担保,,,,szmb,,,128075,128075,1.5930,082406,072406,,N,N,42.076,buy,,,1.11,N,624158139.0,496148542.0,Y,6.07,3567.87,-2.57%,00,buy,buy,buy,15:14:03,114.74,13.67%,3.693,-3.58%,-4.23%,130.435,130.435,-1.49%,1017.91,Y,0,0,,-,,N,-,buy,-,25-09-23,144.10,6.88,3.70,18.1%,14.4%,"转债占流动市值比：18.1%
转债占总市值比：14.4%",0.00,002406,sz128075,有效期：-；质押代码：128075,128075；2020-03-27 开始转股,全价：130.435 最后更新：15:14:03
128087,孚日转债,sz002083,孚日股份,C,4.50,2021-04-28,2020-06-23,2025-12-17,2023-12-18,,,100.000,y,64.55,30,30,0,0.00,,,6.05,108.000,n,130.000,15,30,0,,X,6.500,6.497,AA-,AA-,无担保,,,,szmb,,,128087,128087,0.7403,082083,072083,,N,N,47.200,buy,,,1.18,N,908045977.0,905433276.0,Y,4.88,13459.03,0.21%,00,buy,buy,buy,15:14:03,108.44,13.77%,3.926,-2.41%,-2.96%,123.379,123.379,-1.45%,4905.13,Y,1,1,,-,,N,-,buy,-,25-12-17,137.15,5.85,3.15,14.7%,14.7%,"转债占流动市值比：14.7%
转债占总市值比：14.7%",0.00,002083,sz128087,有效期：-；质押代码：128087,128087；2020-06-23 开始转股,全价：123.379 最后更新：15:14:03
113599,嘉友转债,sh603871,嘉友国际,C,18.32,2021-06-15,2021-02-18,2026-08-04,2024-08-04,,,100.000,y,57.25,30,30,0,0.00,,,2.31,120.000,n,130.000,15,30,0,,X,7.200,7.198,AA-,AA-,无担保,,,,shmb,,,113599,113599,3.2790,753871,754871,,N,N,90.430,buy,,,3.24,N,316960704.0,285385258.0,Y,22.40,1981.66,-0.97%,00,buy,buy,buy,14:59:57,122.27,14.05%,4.556,-2.31%,-3.21%,139.450,139.450,-2.61%,2383.84,Y,0,0,,-,,N,-,buy,-,26-08-04,153.50,23.82,12.82,11.3%,10.1%,"转债占流动市值比：11.3%
转债占总市值比：10.1%",0.00,603871,sh113599,有效期：-；质押代码：113599,113599；2021-02-18 开始转股,全价：139.450 最后更新：14:59:57
123063,大禹转债,sz300021,大禹节水,C,4.83,2021-06-16,2021-02-03,2026-07-27,2025-07-28,,,100.000,y,59.63,30,30,0,0.00,,,4.78,120.000,n,130.000,15,30,0,,X,6.380,6.346,AA-,AA-,无担保,,,,szcy,,,123063,123063,0.8100,380021,370021,,N,N,68.990,buy,,,2.76,N,801074638.0,639330960.0,Y,5.67,21739.16,-4.71%,00,buy,buy,buy,15:14:03,117.39,14.10%,4.534,-1.35%,-2.28%,133.940,133.940,-2.94%,4077.42,Y,0,0,,-,,N,-,buy,-,26-07-27,148.04,6.28,3.38,17.5%,14.0%,"转债占流动市值比：17.5%
转债占总市值比：14.0%",0.00,300021,sz123063,有效期：-；质押代码：123063,123063；2021-02-03 开始转股,全价：133.940 最后更新：15:14:03
113610,灵康转债,sh603669,灵康药业,C,8.61,2021-05-31,2021-06-07,2026-11-30,2024-11-29,,,100.000,y,62.46,30,30,0,0.00,,,7.51,115.000,n,130.000,15,30,0,,X,5.250,4.580,AA-,AA-,控股股东灵康控股保证的担保方式,,,,shmb,,,113610,113610,0.7350,753669,754669,,N,N,78.680,buy,,,4.73,N,721227382.0,721227382.0,Y,9.65,5695.12,3.99%,00,buy,buy,buy,14:59:55,112.08,14.20%,4.879,-1.22%,-1.93%,127.990,127.990,1.12%,4414.34,Y,0,0,,-,,N,-,buy,-,26-11-30,142.19,11.19,6.03,6.6%,6.6%,"转债占流动市值比：6.6%
转债占总市值比：6.6%",0.00,603669,sh113610,有效期：-；质押代码：113610,113610；2021-06-07 开始转股,全价：127.990 最后更新：14:59:55
128095,恩捷转债,sz002812,恩捷股份,C,64.92,2021-04-30,2020-08-17,2026-02-11,2024-02-12,,,100.000,y,17.66,30,30,0,0.00,,,12.72,110.000,n,130.000,15,30,30,,X,16.000,4.541,AA,AA,无担保,,,,szmb,,,128095,128095,1.9866,082812,072812,,N,N,77.840,buy,R,,17.85,N,892406822.0,742019714.0,Y,257.30,159179.67,2.12%,00,buy,buy,buy,15:14:03,396.33,14.29%,4.079,-28.92%,-29.32%,452.986,452.986,2.95%,25978.49,Y,0,0,B,-,,N,-,buy,-,26-02-11,467.28,84.40,45.44,0.2%,0.2%,"转债占流动市值比：0.2%
转债占总市值比：0.2%",0.00,002812,sz128095,有效期：-；质押代码：128095,128095；2020-08-17 开始转股,全价：452.986 最后更新：15:14:03
113545,金能转债,sh603113,金能科技,C,10.43,2021-05-31,2020-04-20,2025-10-13,2023-10-13,,,100.000,y,47.88,30,30,0,0.00,,,3.08,110.000,n,130.000,15,30,0,,N,15.000,9.867,AA,AA,无担保,,,,shmb,2021年12月23日公告：本次（2021年12月3日至2021年12月23日）不提前赎回，至2022年3月22日均不提前赎回,,113545,113545,2.2190,753113,754113,,N,N,47.100,buy,R,,1.46,N,855071934.0,723665890.0,Y,15.25,23365.44,-3.85%,00,buy,buy,buy,14:59:54,146.21,14.44%,3.748,-9.82%,-10.41%,167.320,167.320,-3.56%,5134.66,Y,0,0,G,-,,N,-,buy,-,25-10-13,181.76,13.56,7.30,8.9%,7.6%,"转债占流动市值比：8.9%
转债占总市值比：7.6%",0.00,603113,sh113545,有效期：-；质押代码：113545,113545；2020-04-20 开始转股,全价：167.320 最后更新：14:59:54
128141,旺能转债,sz002034,旺能环境,C,15.97,2021-05-31,2021-06-23,2026-12-16,2024-12-16,,,100.000,y,56.63,30,30,0,0.00,,,8.01,110.000,n,130.000,15,30,0,,X,14.000,12.702,AA,AA,无担保,,,,szmb,,,128141,128141,3.3225,082034,072034,,N,N,69.760,buy,,,1.64,N,429491129.0,426240243.0,Y,19.74,18291.49,2.23%,00,buy,buy,buy,15:14:03,123.61,14.48%,4.923,-4.23%,-4.73%,141.500,141.500,-0.07%,14471.71,Y,0,0,,-,,N,-,buy,-,26-12-16,155.98,20.76,11.18,15.1%,15.0%,"转债占流动市值比：15.1%
转债占总市值比：15.0%",0.00,002034,sz128141,有效期：-；质押代码：128141,128141；2021-06-23 开始转股,全价：141.500 最后更新：15:14:03
128121,宏川转债,sz002930,宏川智慧,C,19.89,2021-10-11,2021-01-25,2026-07-16,2024-07-16,,,100.000,y,62.66,30,30,0,0.00,,,3.60,108.000,n,130.000,15,30,9,,X,6.700,6.699,AA-,AA-,无担保,,,,szmb,,,128121,128121,1.5099,082930,072930,,N,N,77.700,buy,,,4.37,N,446826731.0,424324536.0,Y,22.22,7537.53,-1.94%,00,buy,buy,buy,15:14:03,111.71,14.49%,4.504,-2.78%,-3.28%,127.897,127.897,-1.47%,3105.92,Y,0,0,,-,,N,-,buy,-,26-07-16,142.39,25.86,13.92,7.1%,6.7%,"转债占流动市值比：7.1%
转债占总市值比：6.7%",0.00,002930,sz128121,有效期：-；质押代码：128121,128121；2021-01-25 开始转股,全价：127.897 最后更新：15:14:03
113048,晶科转债,sh601778,晶科科技,C,5.46,2021-10-27,2021-10-29,2027-04-22,2025-04-22,,,100.000,y,53.53,30,30,0,0.00,,,7.75,112.000,n,130.000,15,30,0,,N,30.000,22.968,AA,AA,无,,,,shmb,2021年11月19日公告：本次（2021年10月29日至2021年11月18日）不行使提前赎回权利，至2022年5月18日均不提前赎回,,113048,113048,1.0840,764778,783778,,N,N,37.350,buy,,,1.74,N,2894294611.0,2040894611.0,Y,7.14,28146.56,0.00%,00,buy,buy,buy,14:59:59,130.77,14.59%,5.271,-4.65%,-5.18%,149.850,149.850,-2.33%,27095.95,Y,1,1,G,-,,N,-,buy,-,27-04-22,164.44,7.10,3.82,15.8%,11.1%,"转债占流动市值比：15.8%
转债占总市值比：11.1%",0.00,601778,sh113048,有效期：-；质押代码：113048,113048；2021-10-29 开始转股,全价：149.850 最后更新：14:59:59
110077,洪城转债,sh600461,洪城环境,C,6.71,2021-07-09,2021-05-26,2026-11-19,2024-11-19,,,100.000,y,56.66,30,30,0,0.00,,,0.91,110.000,n,130.000,15,30,1,,X,18.000,17.678,AA+,AA+,无担保,,,,shmb,,,110077,110077,1.8980,704461,733461,,N,N,81.140,buy,,,1.39,N,952834715.0,915365970.0,Y,8.29,5126.45,-1.78%,00,buy,buy,buy,14:59:56,123.55,14.81%,4.849,-4.58%,-5.04%,141.850,141.850,-0.99%,2285.06,Y,0,0,,-,,N,-,buy,-,26-11-19,156.66,8.72,4.70,23.3%,22.4%,"转债占流动市值比：23.3%
转债占总市值比：22.4%",0.00,600461,sh110077,有效期：-；质押代码：110077,110077；2021-05-26 开始转股,全价：141.850 最后更新：14:59:56
128048,张行转债,sz002839,张家港行,C,5.60,2021-07-08,2019-05-16,2024-11-12,,,,,y,,15,30,0,0.00,,,2.37,109.000,n,130.000,15,30,0,,X,25.000,24.975,AA+,AA+,无担保,,,,szmb,,,128048,128048,1.3831,082839,072839,,N,N,28.880,buy,R,,0.79,N,1807959258.0,1521751142.0,Y,6.10,21467.23,-2.24%,00,buy,buy,buy,15:14:03,108.93,14.98%,2.830,-3.84%,-4.59%,125.250,125.250,-2.00%,7481.91,Y,0,0,,-,,N,-,buy,-,24-11-12,140.23,7.28,-,26.9%,22.6%,"转债占流动市值比：26.9%
转债占总市值比：22.6%",0.00,002839,sz128048,有效期：-；质押代码：128048,128048；2019-05-16 开始转股,全价：125.250 最后更新：15:14:03
123082,北陆转债,sz300016,北陆药业,C,8.81,2021-06-29,2021-06-11,2026-12-06,2024-12-06,,,100.000,y,63.45,30,30,0,0.00,,,15.12,115.000,n,130.000,15,30,0,,X,5.000,4.993,A+,A+,无担保,,,,szcy,,,123082,123082,1.0111,380016,370016,,N,N,71.430,buy,,,2.59,N,492717587.0,406759212.0,Y,9.72,31727.77,4.63%,00,buy,buy,buy,15:14:03,110.33,15.16%,4.896,-0.98%,-1.71%,127.060,127.060,1.00%,9621.24,Y,1,1,,-,,N,-,buy,-,26-12-06,142.22,11.45,6.17,12.6%,10.4%,"转债占流动市值比：12.6%
转债占总市值比：10.4%",0.00,300016,sz123082,有效期：-；质押代码：123082,123082；2021-06-11 开始转股,全价：127.060 最后更新：15:14:03
110057,现代转债,sh600420,国药现代,C,9.79,2021-06-25,2019-10-08,2025-03-31,2023-04-01,,,100.000,y,65.08,30,30,0,0.82,2022-01-17,2022-01-17,2.27,106.000,n,130.000,15,30,0,,X,16.160,16.157,AAA,AAA,无担保,,,,shmb,,,110057,110057,1.5290,704420,733420,,N,N,32.790,buy,,,1.25,N,1026964555.0,1026964555.0,Y,10.53,16325.96,1.74%,00,buy,buy,buy,14:59:59,107.56,15.19%,3.211,-3.63%,-4.19%,123.900,123.900,0.19%,4551.74,Y,0,0,,-,,N,-,buy,-,25-03-31,139.09,12.73,6.85,14.9%,14.9%,"转债占流动市值比：14.9%
转债占总市值比：14.9%",0.00,600420,sh110057,有效期：2022-01-17 到 2022-01-17；质押代码：110057,110057；2019-10-08 开始转股,全价：123.900 最后更新：14:59:59
123109,昌红转债,sz300151,昌红科技,C,28.06,2021-06-02,2021-10-08,2027-03-31,2025-03-31,,,100.000,y,56.04,30,30,0,0.00,,,2.36,115.000,n,130.000,15,30,0,,N,4.600,4.596,AA-,AA-,无,,,,szcy,2021年11月30日公告：本次（2021年11月1日至2021年11月29日）不行使提前赎回权利，至2022年5月27日均不提前赎回,,123109,123109,0.9263,380151,370151,,N,N,29.800,buy,,,15.69,N,502506221.0,315770871.0,Y,35.05,15274.62,-1.24%,00,buy,buy,buy,15:14:03,124.91,15.20%,5.211,-3.34%,-3.99%,143.900,143.900,-0.83%,1558.62,Y,0,0,G,-,,N,-,buy,-,27-03-31,159.10,36.48,19.64,4.2%,2.6%,"转债占流动市值比：4.2%
转债占总市值比：2.6%",0.00,300151,sz123109,有效期：-；质押代码：123109,123109；2021-10-08 开始转股,全价：143.900 最后更新：15:14:03
113570,百达转债,sh603331,百达精工,C,11.34,2021-06-30,2020-09-17,2026-03-10,2024-03-11,,,100.000,y,62.21,30,30,0,0.00,,,7.29,110.000,n,130.000,15,30,0,,X,2.800,2.799,A+,A+,股份质押的担保,,,,shmb,,,113570,113570,2.1800,753331,754331,,N,N,46.370,buy,,,2.60,N,178159917.0,175419917.0,Y,12.76,2578.50,-3.04%,00,buy,buy,buy,14:59:51,112.52,15.27%,4.153,-2.94%,-3.55%,129.700,129.700,-1.95%,2658.28,Y,0,0,,-,,N,-,buy,-,26-03-10,144.97,14.74,7.94,12.5%,12.3%,"转债占流动市值比：12.5%
转债占总市值比：12.3%",0.00,603331,sh113570,有效期：-；质押代码：113570,113570；2020-09-17 开始转股,全价：129.700 最后更新：14:59:51
110071,湖盐转债,sh600929,雪天盐业,C,6.52,2021-05-31,2021-01-18,2026-07-09,2024-07-09,,,100.000,y,60.69,30,30,0,0.00,,,10.45,110.000,n,130.000,15,30,0,,X,7.200,7.198,AA,AA,无担保,,,,shmb,,,110071,110071,0.7840,704929,733929,,N,N,78.196,buy,R,,2.58,N,931898142.0,917778142.0,Y,7.52,8009.00,-1.83%,00,buy,buy,buy,14:59:54,115.34,15.29%,4.485,-3.27%,-3.83%,132.970,132.970,1.13%,10043.12,Y,0,0,,-,,N,-,buy,-,26-07-09,148.26,8.48,4.56,10.4%,10.3%,"转债占流动市值比：10.4%
转债占总市值比：10.3%",0.00,600929,sh110071,有效期：-；质押代码：110071,110071；2021-01-18 开始转股,全价：132.970 最后更新：14:59:54
110061,川投转债,sh600674,川投能源,C,9.20,2021-07-15,2020-05-15,2025-11-10,2023-11-10,,,100.000,y,55.61,30,30,0,0.99,2022-01-17,2022-01-17,1.78,106.000,n,130.000,15,30,0,,N,40.000,39.616,AAA,AAA,无担保,,,,shmb,2021年9月28日公告：本次（2021年9月6日至2021年9月28日）期间不行使提前赎回权利，至2022年9月28日均不提前赎回,,110061,110061,0.9080,704674,733674,,N,N,81.590,buy,R,,1.63,N,4406155440.0,4406155440.0,Y,11.58,11008.49,0.70%,00,buy,buy,buy,14:59:30,125.87,15.48%,3.825,-7.08%,-7.52%,145.350,145.350,-2.50%,10338.73,Y,0,0,G,-,,N,-,buy,-,25-11-10,160.83,11.96,6.44,7.8%,7.8%,"转债占流动市值比：7.8%
转债占总市值比：7.8%",0.00,600674,sh110061,有效期：2022-01-17 到 2022-01-17；质押代码：110061,110061；2020-05-15 开始转股,全价：145.350 最后更新：14:59:30
128107,交科转债,sz002061,浙江交科,C,5.24,2021-07-13,2020-10-28,2026-04-22,2024-04-22,,,100.000,y,63.68,30,30,0,0.00,,,3.25,110.000,n,130.000,15,30,0,,X,25.000,24.997,AA+,AA+,无担保,,,,szmb,,,128107,128107,1.8173,082061,072061,,N,N,83.390,buy,,,0.87,N,1375702619.0,1375702619.0,Y,5.76,10641.01,-2.37%,00,buy,buy,buy,15:14:03,109.92,15.53%,4.271,-2.36%,-2.96%,127.000,127.000,-0.47%,10326.05,Y,0,0,,-,,N,-,buy,-,26-04-22,142.53,6.81,3.67,31.5%,31.5%,"转债占流动市值比：31.5%
转债占总市值比：31.5%",0.00,002061,sz128107,有效期：-；质押代码：128107,128107；2020-10-28 开始转股,全价：127.000 最后更新：15:14:03
123084,高澜转债,sz300499,高澜股份,C,9.01,2021-09-22,2021-06-16,2026-12-09,2024-12-09,,,100.000,y,44.10,30,30,0,0.00,,,41.32,115.000,n,130.000,15,30,9,,X,2.800,2.544,A+,A+,无担保,,,,szcy,,,123084,123084,1.0061,380499,370499,,N,N,67.220,buy,,,4.25,N,280804041.0,241690999.0,Y,14.30,17246.74,2.29%,00,buy,buy,buy,15:14:03,158.71,15.59%,4.904,-8.23%,-8.88%,183.450,183.450,3.35%,19180.96,Y,1,1,,-,,N,-,buy,-,26-12-09,199.04,11.71,6.31,7.4%,6.3%,"转债占流动市值比：7.4%
转债占总市值比：6.3%",0.00,300499,sz123084,有效期：-；质押代码：123084,123084；2021-06-16 开始转股,全价：183.450 最后更新：15:14:03
113579,健友转债,sh603707,健友股份,C,32.20,2021-07-15,2020-10-29,2026-04-22,2024-04-22,,,100.000,y,58.36,30,30,0,0.00,,,4.89,109.000,n,130.000,15,30,2,,X,5.030,5.023,AA,AA,无担保,,,,shmb,,,113579,113579,0.7000,753707,754707,,N,N,89.020,buy,R,,10.80,N,1243600220.0,1240854555.0,Y,38.62,12939.14,1.29%,00,buy,buy,buy,14:59:30,119.94,15.64%,4.271,-4.60%,-5.14%,138.700,138.700,0.30%,3409.75,Y,0,0,,-,,N,-,buy,-,26-04-22,154.34,41.86,22.54,1.0%,1.0%,"转债占流动市值比：1.0%
转债占总市值比：1.0%",0.00,603707,sh113579,有效期：-；质押代码：113579,113579；2020-10-29 开始转股,全价：138.700 最后更新：14:59:30
118000,嘉元转债,sh688388,嘉元科技,C,78.74,2021-05-06,2021-09-01,2027-02-22,2025-02-24,,,100.000,y,41.65,30,30,0,0.00,,,9.79,115.000,n,130.000,15,30,14,,X,12.400,9.789,AA-,AA-,无,,,,shkc,,,118000,118000,5.3700,726388,718388,,N,N,70.922,buy,R,,9.73,N,234191983.0,170867583.0,Y,132.33,50999.68,1.68%,00,buy,buy,buy,14:59:58,168.06,15.64%,5.110,-9.02%,-9.62%,194.350,194.350,0.77%,18565.45,Y,0,0,,-,,N,-,buy,-,27-02-22,209.99,102.36,55.12,4.3%,3.2%,"转债占流动市值比：4.3%
转债占总市值比：3.2%",0.00,688388,sh118000,有效期：-；质押代码：118000,118000；2021-09-01 开始转股,全价：194.350 最后更新：14:59:58
123098,一品转债,sz300723,一品红,C,25.48,2021-08-25,2021-08-03,2027-01-27,2025-01-27,,,100.000,y,52.96,30,30,0,0.00,,,4.30,118.000,n,130.000,15,30,0,,N,4.800,4.236,AA-,AA-,无担保,,,,szcy,2022年1月5日公告：本次（2021年11月24日至2021年1月5日）不提前赎回，至2022年7月5日均不提前赎回,,123098,123098,3.0423,380723,370723,,N,N,85.150,buy,,,5.55,N,288034274.0,124345043.0,Y,33.68,12629.62,3.28%,00,buy,buy,buy,15:14:03,132.18,15.80%,5.038,-4.17%,-4.92%,153.069,153.069,0.44%,2822.13,Y,0,0,G,-,,N,-,buy,-,27-01-27,168.87,33.12,17.84,10.1%,4.4%,"转债占流动市值比：10.1%
转债占总市值比：4.4%",0.00,300723,sz123098,有效期：-；质押代码：123098,123098；2021-08-03 开始转股,全价：153.069 最后更新：15:14:03
128017,金禾转债,sz002597,金禾实业,C,21.97,2021-05-21,2018-08-07,2023-11-01,2021-11-01,,,100.000,y,36.69,30,30,0,0.00,,,4.79,106.000,n,130.000,15,30,30,,X,6.000,5.519,AA,AA,无担保,,,,szmb,,,128017,128017,1.0633,082597,072597,,N,N,89.139,buy,R,,4.40,N,560913735.0,559486768.0,Y,41.92,22848.00,1.57%,00,buy,buy,buy,15:14:03,190.81,15.82%,1.797,-33.21%,-33.70%,221.000,221.000,-2.94%,5936.00,Y,0,0,B,-,,N,-,buy,-,23-11-01,236.82,28.56,15.38,2.4%,2.3%,"转债占流动市值比：2.4%
转债占总市值比：2.3%",0.00,002597,sz128017,有效期：-；质押代码：128017,128017；2018-08-07 开始转股,全价：221.000 最后更新：15:14:03
123060,苏试转债,sz300416,苏试试验,C,19.05,2022-01-11,2021-01-27,2026-07-20,2024-07-22,,,100.000,y,41.61,30,30,0,0.00,,,7.32,112.000,n,130.000,15,30,0,,N,3.100,3.097,AA-,AA-,无担保,,,,szcy,2021年11月5日公告：本次（2021年10月18日至2021年11月5日）不行使提前赎回权利，至2022年5月5日均不提前赎回,,123060,123060,1.5243,380416,370416,,N,N,75.120,buy,,,8.52,N,284582225.0,261781906.0,Y,32.05,7687.49,0.69%,00,buy,buy,buy,15:14:03,168.24,15.89%,4.515,-10.84%,-11.40%,194.970,194.970,0.19%,4440.79,Y,0,0,G,-,,N,-,buy,-,26-07-20,210.86,24.77,13.34,3.7%,3.4%,"转债占流动市值比：3.7%
转债占总市值比：3.4%",0.00,300416,sz123060,有效期：-；质押代码：123060,123060；2021-01-27 开始转股,全价：194.970 最后更新：15:14:03
127003,海印转债,sz000861,海印股份,C,2.99,2021-07-21,2016-12-16,2022-06-08,2020-06-08,,,100.000,y,68.40,30,30,0,0.37,2022-01-17,2022-01-17,5.44,110.000,n,130.000,15,30,0,,X,11.110,6.736,AA,AA,广州海印实业集团有限公司责任人担保,,,,szmb,,,127003,127003,0.4938,080861,070861,4,N,N,,buy,R,,1.88,N,2325574211.0,2184526848.0,Y,3.06,13519.02,-0.65%,00,buy,buy,buy,15:14:03,102.34,15.94%,0.397,-18.36%,-22.61%,118.650,118.650,-1.45%,4393.78,Y,2,2,,-,,N,-,buy,-,22-06-08,134.59,3.89,2.09,10.1%,9.5%,"转债占流动市值比：10.1%
转债占总市值比：9.5%",0.00,000861,sz127003,有效期：2022-01-17 到 2022-01-17；质押代码：127003,127003；2016-12-16 开始转股,全价：118.650 最后更新：15:14:03
123075,贝斯转债,sz300580,贝斯特,C,23.74,2021-05-24,2021-05-06,2026-11-01,2024-11-01,,,100.000,y,51.98,30,30,0,0.00,,,31.01,110.000,n,130.000,15,30,4,,X,6.000,5.997,AA-,AA-,无担保,,,,szcy,,,123075,123075,3.0000,380580,370580,,N,N,84.750,buy,,,3.31,N,200010790.0,186527665.0,Y,31.97,14664.88,5.69%,00,buy,buy,buy,15:14:03,134.67,16.14%,4.800,-6.29%,-6.80%,156.400,156.400,3.10%,29007.75,Y,0,0,,-,,N,-,buy,-,26-11-01,172.54,30.86,16.62,10.1%,9.4%,"转债占流动市值比：10.1%
转债占总市值比：9.4%",0.00,300580,sz123075,有效期：-；质押代码：123075,123075；2021-05-06 开始转股,全价：156.400 最后更新：15:14:03
110066,盛屯转债,sh600711,盛屯矿业,C,4.87,2021-07-14,2020-09-07,2026-03-02,2024-03-01,,,100.000,y,32.16,30,30,0,0.00,,,11.52,110.000,n,130.000,15,30,0,,N,23.860,3.834,AA,AA,无担保,,,,shmb,2021年12月25日公告：本次（2021年12月6日至2021年12月24日）不提前赎回，至2022年1月24日均不提前赎回,,110066,110066,1.0330,704711,733711,,N,N,33.540,buy,R,,2.35,N,2747143184.0,2605882223.0,Y,10.60,54612.19,-0.75%,00,buy,buy,buy,14:59:57,217.66,16.17%,4.132,-17.65%,-18.13%,252.850,252.850,0.92%,11090.31,Y,0,0,G,-,,N,-,buy,-,26-03-02,269.02,6.33,3.41,1.4%,1.3%,"转债占流动市值比：1.4%
转债占总市值比：1.3%",0.00,600711,sh110066,有效期：-；质押代码：110066,110066；2020-09-07 开始转股,全价：252.850 最后更新：14:59:57
128021,兄弟转债,sz002562,兄弟科技,C,5.19,2021-01-08,2018-06-04,2023-11-28,2021-11-28,,,100.000,y,62.75,30,30,0,0.00,,,55.08,106.000,n,130.000,20,30,0,,X,7.000,2.653,AA,AA,无担保,,,,szmb,,,128021,128021,1.2929,082562,072562,,N,N,88.590,buy,,,2.05,N,1062875349.0,700080851.0,Y,5.79,40662.07,3.58%,00,buy,buy,buy,15:14:03,111.56,16.17%,1.871,-9.57%,-10.24%,129.602,129.602,-0.31%,19373.77,Y,1,1,,-,,N,-,buy,-,23-11-28,145.77,6.75,3.63,6.5%,4.3%,"转债占流动市值比：6.5%
转债占总市值比：4.3%",0.00,002562,sz128021,有效期：-；质押代码：128021,128021；2018-06-04 开始转股,全价：129.602 最后更新：15:14:03
123022,长信转债,sz300088,长信科技,C,6.05,2021-06-17,2019-09-23,2025-03-18,2023-03-18,,,100.000,y,35.74,30,30,0,0.00,,,209.31,110.000,n,130.000,15,30,16,,X,12.300,2.564,AA,AA,无担保,,,,szcy,,,123022,123022,0.5350,380088,370088,,N,N,42.700,buy,R,,3.84,N,2454887088.0,2442659856.0,Y,11.85,143603.69,6.18%,00,buy,buy,buy,15:14:03,195.87,16.24%,3.175,-19.82%,-20.41%,227.674,227.674,7.53%,120366.63,Y,0,0,B,-,,N,-,buy,-,25-03-18,243.91,7.87,4.24,0.9%,0.9%,"转债占流动市值比：0.9%
转债占总市值比：0.9%",0.00,300088,sz123022,有效期：-；质押代码：123022,123022；2019-09-23 开始转股,全价：227.674 最后更新：15:14:03
113017,吉视转债,sh601929,吉视传媒,C,2.23,2021-12-08,2018-07-03,2023-12-27,2021-12-27,,,100.000,y,67.87,30,30,0,0.00,,,7.89,106.000,n,130.000,15,30,0,,X,15.600,15.589,AA+,AA+,无担保,,,,shmb,,,113017,113017,0.5010,764929,783929,,N,N,3.800,buy,R,,1.02,N,3111176649.0,3111176649.0,Y,2.30,19951.73,-2.54%,00,buy,buy,buy,14:59:49,103.14,16.28%,1.951,-5.49%,-6.17%,119.930,119.930,-2.44%,14895.42,Y,1,1,,-,,N,-,buy,-,23-12-27,136.21,2.90,1.56,21.8%,21.8%,"转债占流动市值比：21.8%
转债占总市值比：21.8%",0.00,601929,sh113017,有效期：-；质押代码：113017,113017；2018-07-03 开始转股,全价：119.930 最后更新：14:59:49
127027,靖远转债,sz000552,靖远煤电,C,3.13,2021-10-12,2021-06-16,2026-12-09,2024-12-09,,,100.000,y,62.07,30,30,0,0.00,,,3.83,110.000,n,130.000,15,30,0,,X,28.000,24.307,AA+,AA+,无担保,,,,szmb,,,127027,127027,1.2243,080552,070552,,N,N,35.200,buy,R,,0.97,N,2350879797.0,2347628690.0,Y,3.53,39401.74,-6.86%,00,buy,buy,buy,15:14:03,112.78,16.51%,4.904,-2.75%,-3.27%,131.400,131.400,-1.51%,12185.04,Y,0,0,,-,,N,-,buy,-,26-12-09,147.91,4.07,2.19,29.3%,29.3%,"转债占流动市值比：29.3%
转债占总市值比：29.3%",0.00,000552,sz127027,有效期：-；质押代码：127027,127027；2021-06-16 开始转股,全价：131.400 最后更新：15:14:03
128143,锋龙转债,sz002931,锋龙股份,C,12.73,2021-06-08,2021-07-14,2027-01-07,2025-01-07,,,100.000,y,62.01,30,30,0,0.00,,,7.46,115.000,n,130.000,15,30,0,,X,2.450,2.444,A+,A+,股票质押担保,,,,szmb,,,128143,128143,1.7228,082931,072931,,N,N,80.170,buy,,,4.10,N,199140144.0,178663130.0,Y,14.37,6563.27,2.20%,00,buy,buy,buy,15:14:03,112.88,16.67%,4.984,-1.69%,-2.39%,131.698,131.698,0.79%,2393.30,Y,0,0,,-,,N,-,buy,-,27-01-07,148.37,16.55,8.91,9.5%,8.5%,"转债占流动市值比：9.5%
转债占总市值比：8.5%",0.00,002931,sz128143,有效期：-；质押代码：128143,128143；2021-07-14 开始转股,全价：131.698 最后更新：15:14:03
118002,天合转债,sh688599,天合光能,C,50.51,,2022-02-21,2027-08-12,2025-08-12,,,100.000,y,51.83,30,30,0,0.00,,,4.58,115.000,n,130.000,15,30,0,,X,52.520,52.520,AA,AA,无,,,,shkc,,,未到转股期,118002,2.5400,726599,718599,,N,N,63.350,buy,R,,8.63,N,2073667807.0,1219295285.0,Y,68.22,113489.89,5.44%,00,buy,buy,buy,15:00:00,135.06,16.69%,5.578,-4.83%,-5.40%,157.610,157.610,0.67%,38081.85,Y,0,0,,-,,N,-,buy,-,27-08-12,174.30,65.66,35.36,6.3%,3.7%,"转债占流动市值比：6.3%
转债占总市值比：3.7%",0.00,688599,sh118002,有效期：-；质押代码：118002,未到转股期；2022-02-21 开始转股,全价：157.610 最后更新：15:00:00
113565,宏辉转债,sh603336,宏辉果蔬,C,7.64,2021-05-17,2020-09-03,2026-02-25,2024-02-26,,,100.000,y,61.97,30,30,0,0.00,,,236.05,112.000,n,130.000,15,30,0,,X,3.320,2.253,AA-,AA-,公司实际控制人担保,,,,shmb,,,113565,113565,1.4730,753336,754336,,N,N,80.610,buy,,,3.50,N,438679917.0,438679917.0,Y,8.63,33642.37,-1.48%,00,buy,buy,buy,15:00:00,112.96,16.82%,4.118,-2.78%,-3.51%,131.960,131.960,-1.86%,73080.53,Y,0,0,,-,,N,-,buy,-,26-02-25,148.78,9.93,5.35,6.0%,6.0%,"转债占流动市值比：6.0%
转债占总市值比：6.0%",0.00,603336,sh113565,有效期：-；质押代码：113565,113565；2020-09-03 开始转股,全价：131.960 最后更新：15:00:00
113602,景20转债,sh603228,景旺电子,C,27.40,2021-05-12,2021-03-01,2026-08-23,2024-08-23,,,100.000,y,58.58,30,30,0,0.00,,,0.85,108.000,n,130.000,15,30,0,,X,17.800,17.798,AA,AA,无担保,,,,shmb,,,113602,113602,2.0900,753228,754228,,N,N,85.940,buy,R,,3.95,N,851672591.0,841872019.0,Y,32.74,16731.12,1.36%,00,buy,buy,buy,14:59:59,119.49,16.85%,4.608,-4.59%,-5.06%,139.620,139.620,-0.65%,2116.29,Y,1,1,,-,,N,-,buy,-,26-08-23,156.47,35.62,19.18,6.5%,6.4%,"转债占流动市值比：6.5%
转债占总市值比：6.4%",0.00,603228,sh113602,有效期：-；质押代码：113602,113602；2021-03-01 开始转股,全价：139.620 最后更新：14:59:59
123045,雷迪转债,sz300652,雷迪克,C,19.63,2021-07-01,2020-09-18,2026-03-11,2024-03-11,,,100.000,y,60.69,30,30,0,0.00,,,17.92,113.000,n,130.000,15,30,0,,X,2.880,1.660,A+,A+,无担保,,,,szcy,,,123045,123045,3.2784,380652,370652,,N,N,44.120,buy,,,2.18,N,94082005.0,83507961.0,Y,22.64,3668.94,-1.61%,00,buy,buy,buy,15:14:03,115.33,17.04%,4.156,-3.08%,-3.83%,134.981,134.981,-1.11%,4039.52,Y,0,0,,-,,N,-,buy,-,26-03-11,152.02,25.52,13.74,8.8%,7.8%,"转债占流动市值比：8.8%
转债占总市值比：7.8%",0.00,300652,sz123045,有效期：-；质押代码：123045,123045；2020-09-18 开始转股,全价：134.981 最后更新：15:14:03
113619,世运转债,sh603920,世运电路,C,19.92,2021-06-17,2021-07-26,2027-01-19,2025-01-20,,,100.000,y,58.66,30,30,0,0.00,,,14.60,110.000,n,130.000,15,30,0,,X,10.000,9.997,AA,AA,无,,,,shmb,,,113619,113619,2.4420,753920,754920,,N,N,85.813,buy,,,4.63,N,532247495.0,532173395.0,Y,23.77,39646.06,10.00%,00,buy,buy,buy,14:59:59,119.33,17.18%,5.016,-3.86%,-4.37%,139.830,139.830,2.07%,20442.18,Y,0,0,,-,,N,-,buy,-,27-01-19,157.01,25.90,13.94,7.9%,7.9%,"转债占流动市值比：7.9%
转债占总市值比：7.9%",0.00,603920,sh113619,有效期：-；质押代码：113619,113619；2021-07-26 开始转股,全价：139.830 最后更新：14:59:59
123100,朗科转债,sz300543,朗科智能,C,11.61,2021-05-26,2021-08-23,2027-02-08,2025-02-10,,,100.000,y,61.01,30,30,0,0.00,,,1.17,112.000,n,130.000,15,30,6,,X,3.800,3.799,AA-,AA-,无,,,,szcy,,,123100,123100,1.8421,380543,380543,,N,N,12.940,buy,,,3.42,N,268174890.0,199696919.0,Y,13.32,4872.24,-2.13%,00,buy,buy,buy,15:14:03,114.73,17.23%,5.071,-2.68%,-3.26%,134.500,134.500,-1.18%,604.81,Y,0,0,,-,,N,-,buy,-,27-02-08,151.73,15.09,8.13,14.3%,10.6%,"转债占流动市值比：14.3%
转债占总市值比：10.6%",0.00,300543,sz123100,有效期：-；质押代码：123100,123100；2021-08-23 开始转股,全价：134.500 最后更新：15:14:03
128030,天康转债,sz002100,天康生物,C,7.40,2021-12-24,2018-06-28,2023-12-22,2021-12-22,,,100.000,y,46.42,30,30,0,0.00,,,12.83,108.000,n,130.000,15,30,17,,X,10.000,0.871,AA,AA,无担保,,,,szmb,,,128030,128030,1.0380,082100,072100,,N,N,57.690,-,R,,2.68,N,1353856588.0,1076406924.0,Y,11.16,28728.13,-2.19%,00,buy,buy,buy,15:14:03,150.81,17.37%,1.937,-21.99%,-22.69%,177.000,177.000,-2.40%,2014.03,Y,0,0,B,-,,N,-,buy,-,23-12-22,194.37,9.62,5.18,0.7%,0.6%,"转债占流动市值比：0.7%
转债占总市值比：0.6%",0.00,002100,sz128030,有效期：-；质押代码：128030,128030；2018-06-28 开始转股,全价：177.000 最后更新：15:14:03
127020,中金转债,sz000060,中金岭南,C,4.63,2021-06-18,2021-01-25,2026-07-19,2024-07-22,,,100.000,y,65.61,30,30,0,0.00,,,1.42,110.000,n,130.000,15,30,0,,X,38.000,34.279,AA+,AA+,无担保,,,,szmb,,,127020,127020,1.0645,080060,070060,,N,N,55.990,buy,R,,1.37,N,3650034613.0,3648835938.0,Y,4.94,26046.28,-2.18%,00,buy,buy,buy,15:14:03,106.70,17.62%,4.512,-2.23%,-2.75%,125.497,125.497,-1.73%,6184.11,Y,0,0,,-,,N,-,buy,-,26-07-19,143.12,6.02,3.24,19.0%,19.0%,"转债占流动市值比：19.0%
转债占总市值比：19.0%",0.00,000060,sz127020,有效期：-；质押代码：127020,127020；2021-01-25 开始转股,全价：125.497 最后更新：15:14:03
123050,聚飞转债,sz300303,聚飞光电,C,5.08,2021-06-30,2020-10-20,2026-04-13,2024-04-15,,,100.000,y,57.35,30,30,0,0.00,,,6.68,118.000,n,130.000,15,30,0,,X,7.050,3.746,AA-,AA-,无担保,,,,szcy,,,123050,123050,0.5513,380303,370303,,N,N,43.220,buy,,,2.94,N,1342588701.0,1223105685.0,Y,6.20,20440.61,-0.64%,00,buy,buy,buy,15:14:03,122.05,17.63%,4.247,-3.50%,-4.39%,143.570,143.570,-2.62%,3670.35,Y,0,0,,-,,N,-,buy,-,26-04-13,161.20,6.60,3.56,4.9%,4.5%,"转债占流动市值比：4.9%
转债占总市值比：4.5%",0.00,300303,sz123050,有效期：-；质押代码：123050,123050；2020-10-20 开始转股,全价：143.570 最后更新：15:14:03
128140,润建转债,sz002929,润建股份,C,26.40,2021-06-07,2021-06-15,2026-12-04,2024-12-06,,,100.000,y,54.85,30,30,0,0.00,,,0.57,110.000,n,130.000,15,30,0,,N,10.900,10.897,AA,AA,无担保,,,,szmb,2021年11月25日公告：本次（2021年11月08日至2021年11月24日）不行使提前赎回权利，至2022年12月31日均不提前赎回,,128140,128140,4.9377,082929,072929,,N,N,83.270,buy,,,2.18,N,228728817.0,168506828.0,Y,33.69,4359.38,0.27%,00,buy,buy,buy,15:14:03,127.61,17.71%,4.890,-5.42%,-5.92%,150.209,150.209,-1.18%,950.78,Y,0,0,G,-,,N,-,buy,-,26-12-04,167.92,34.32,18.48,19.2%,14.1%,"转债占流动市值比：19.2%
转债占总市值比：14.1%",0.00,002929,sz128140,有效期：-；质押代码：128140,128140；2021-06-15 开始转股,全价：150.209 最后更新：15:14:03
128119,龙大转债,sz002726,龙大美食,C,9.29,2021-08-12,2021-01-18,2026-07-12,2024-07-15,,,100.000,y,59.23,30,30,0,0.00,,,15.45,115.000,n,130.000,15,30,0,,X,9.500,9.461,AA,AA,无担保,,,,szmb,,,128119,128119,0.9516,082726,072726,,N,N,73.670,buy,R,,2.81,N,1078860185.0,991083080.0,Y,10.98,69954.37,-1.70%,00,buy,buy,buy,15:14:03,118.19,17.86%,4.493,-3.34%,-4.07%,139.300,139.300,-2.04%,21174.08,Y,0,0,,-,,N,-,buy,-,26-07-12,157.16,12.08,6.50,8.7%,8.0%,"转债占流动市值比：8.7%
转债占总市值比：8.0%",0.00,002726,sz128119,有效期：-；质押代码：128119,128119；2021-01-18 开始转股,全价：139.300 最后更新：15:14:03
113615,金诚转债,sh603979,金诚信,C,12.65,2021-06-09,2021-06-29,2026-12-22,2024-12-23,,,100.000,y,41.93,30,30,0,0.00,,,4.71,112.000,n,130.000,15,30,0,,N,10.000,8.664,AA,AA,无担保,,,,shmb,2021年11月24日公告：本次（2021年11月4日至2021年11月24日）不行使提前赎回权利，至2022年5月24日均不提前赎回,,113615,113615,1.7320,753979,754979,,N,N,71.880,buy,,,2.44,N,593966469.0,593966469.0,Y,21.12,11111.58,-4.69%,00,buy,buy,buy,14:59:48,166.96,17.90%,4.940,-10.16%,-10.67%,196.840,196.840,0.29%,8011.06,Y,0,0,G,-,,N,-,buy,-,26-12-22,214.74,16.45,8.86,6.9%,6.9%,"转债占流动市值比：6.9%
转债占总市值比：6.9%",0.00,603979,sh113615,有效期：-；质押代码：113615,113615；2021-06-29 开始转股,全价：196.840 最后更新：14:59:48
123024,岱勒转债,sz300700,岱勒新材,C,14.10,2021-06-01,2019-09-27,2024-03-21,2022-03-21,,,100.000,y,64.55,30,30,0,0.00,,,8.75,110.000,n,130.000,15,30,0,,X,2.100,2.097,A+,A+,无担保,,,,szcy,,,123024,123024,2.5485,380700,370700,,N,N,55.940,buy,,,3.17,N,107137593.0,74276829.0,Y,15.29,8875.77,-1.61%,00,buy,buy,buy,15:14:03,108.44,17.99%,2.184,-5.80%,-6.76%,127.952,127.952,-1.19%,2376.88,Y,1,1,,-,,N,-,buy,-,24-03-21,145.94,18.33,9.87,18.5%,12.8%,"转债占流动市值比：18.5%
转债占总市值比：12.8%",0.00,300700,sz123024,有效期：-；质押代码：123024,123024；2019-09-27 开始转股,全价：127.952 最后更新：15:14:03
123043,正元转债,sz300645,正元智慧,C,15.38,2021-06-09,2020-09-11,2026-03-04,2024-03-04,,,100.000,y,47.68,30,30,0,0.00,,,146.48,115.000,n,130.000,15,30,15,,X,1.750,1.656,A+,A+,无担保,,,,szcy,,,123043,123043,1.3815,380645,370645,,N,N,48.790,buy,,,4.13,N,127655315.0,127655315.0,Y,22.58,16628.18,-2.92%,00,buy,buy,buy,15:14:03,146.81,18.04%,4.137,-8.51%,-9.27%,173.300,173.300,-4.15%,43292.74,Y,0,0,B,-,,N,-,buy,-,26-03-04,191.34,19.99,10.77,5.7%,5.7%,"转债占流动市值比：5.7%
转债占总市值比：5.7%",0.00,300645,sz123043,有效期：-；质押代码：123043,123043；2020-09-11 开始转股,全价：173.300 最后更新：15:14:03
128076,金轮转债,sz002722,金轮股份,C,14.66,2021-05-31,2020-04-20,2025-10-14,2023-10-13,,,100.000,y,62.96,30,30,0,0.00,,,11.42,110.000,n,130.000,15,30,0,,X,2.140,2.138,AA-,AA-,无担保,,,,szmb,,,128076,128076,1.2196,082722,072722,,N,N,37.890,buy,,,1.43,N,175478558.0,175462283.0,Y,16.30,5888.32,-3.49%,00,buy,buy,buy,15:14:03,111.19,18.04%,3.751,-3.68%,-4.33%,131.250,131.250,-2.58%,3243.26,Y,0,0,,-,,N,-,buy,-,25-10-14,149.29,19.06,10.26,7.5%,7.5%,"转债占流动市值比：7.5%
转债占总市值比：7.5%",0.00,002722,sz128076,有效期：-；质押代码：128076,128076；2020-04-20 开始转股,全价：131.250 最后更新：15:14:03
113527,维格转债,sh603518,锦泓集团,C,9.85,2020-08-05,2019-07-30,2025-01-23,2023-01-23,,,100.000,y,59.13,30,30,0,0.00,,,19.44,115.000,n,130.000,15,30,1,,X,7.460,2.864,AA,AA,无担保,,,,shmb,,,113527,113527,4.1310,753518,754518,,N,N,4.910,buy,,,1.40,N,296628771.0,296628771.0,Y,11.66,11732.65,-4.97%,00,buy,buy,buy,14:59:53,118.38,18.06%,3.027,-5.14%,-6.18%,139.750,139.750,-2.85%,7896.34,Y,1,1,,-,,N,-,buy,-,25-01-23,157.81,12.80,6.89,8.3%,8.3%,"转债占流动市值比：8.3%
转债占总市值比：8.3%",0.00,603518,sh113527,有效期：-；质押代码：113527,113527；2019-07-30 开始转股,全价：139.750 最后更新：14:59:53
110043,无锡转债,sh600908,无锡银行,C,5.61,2021-07-06,2018-08-05,2024-01-30,,,,,y,,15,30,0,0.00,,,2.59,106.000,n,130.000,15,30,0,,X,30.000,29.214,AA+,AA+,无担保,,,,shmb,,,110043,110043,1.6230,704908,733908,,N,N,37.110,buy,,,0.71,N,1861675522.0,1763699985.0,Y,5.89,17607.53,-1.83%,00,buy,buy,buy,14:59:16,104.99,18.15%,2.044,-6.52%,-7.21%,124.050,124.050,-1.05%,9411.01,Y,2,2,,-,,N,-,buy,-,24-01-30,142.20,7.29,-,28.1%,26.6%,"转债占流动市值比：28.1%
转债占总市值比：26.6%",0.00,600908,sh110043,有效期：-；质押代码：110043,110043；2018-08-05 开始转股,全价：124.050 最后更新：14:59:16
113011,光大转债,sh601818,光大银行,C,3.55,2021-07-21,2017-09-18,2023-03-17,,,,,n,,0,0,0,0.76,2022-01-17,2022-01-17,1.53,105.000,n,130.000,15,30,0,,X,300.000,241.980,AAA,AAA,无担保,,,,shmb,,,113011,113011,0.7530,764818,783818,4,N,N,,buy,R,,0.39,Y,54031918195.0,41353182695.0,Y,3.40,59449.38,-1.16%,00,buy,buy,buy,14:59:57,95.77,18.29%,1.170,-4.99%,-6.02%,113.290,113.290,-1.19%,42091.43,Y,0,0,,-,,N,-,buy,-,23-03-17,131.58,4.62,-,17.2%,13.2%,"转债占流动市值比：17.2%
转债占总市值比：13.2%",0.00,601818,sh113011,有效期：2022-01-17 到 2022-01-17；质押代码：113011,113011；2017-09-18 开始转股,全价：113.290 最后更新：14:59:57
128090,汽模转2,sz002510,天汽模,C,4.23,2021-06-30,2020-07-03,2025-12-27,2023-12-27,,,100.000,y,63.81,30,30,0,0.00,,,12.55,110.000,n,130.000,15,30,0,,X,4.710,3.100,AA-,AA-,无担保,,,,szmb,,,128090,128090,0.5114,082510,072510,,N,N,41.350,buy,,,2.08,N,941616619.0,931317168.0,Y,4.64,14424.52,-1.07%,00,buy,buy,buy,15:14:03,109.69,18.41%,3.953,-3.24%,-3.85%,129.888,129.888,-0.95%,5106.07,Y,0,0,,-,,N,-,buy,-,25-12-27,148.30,5.50,2.96,7.2%,7.1%,"转债占流动市值比：7.2%
转债占总市值比：7.1%",0.00,002510,sz128090,有效期：-；质押代码：128090,128090；2020-07-03 开始转股,全价：129.888 最后更新：15:14:03
110038,济川转债,sh600566,济川药业,C,23.40,2021-05-26,2018-05-17,2022-11-12,2020-11-13,,,100.000,y,42.61,30,30,0,0.00,,,20.29,100.000,y,125.000,15,30,2,,X,8.430,6.302,AA,AA,无担保,,,,shmb,,,110038,110038,1.0410,704566,733566,,N,N,15.921,buy,R,,2.81,N,888273021.0,888273021.0,Y,27.46,58548.06,2.77%,00,buy,buy,buy,14:59:59,117.35,18.51%,0.827,-28.75%,-29.80%,139.070,139.070,-0.04%,17927.47,Y,1,1,,-,,N,-,buy,-,22-11-12,157.58,29.25,11.70,2.6%,2.6%,"转债占流动市值比：2.6%
转债占总市值比：2.6%",0.00,600566,sh110038,有效期：-；质押代码：110038,110038；2018-05-17 开始转股,全价：139.070 最后更新：14:59:59
123070,鹏辉转债,sz300438,鹏辉能源,C,20.08,2021-08-17,2021-04-26,2026-10-19,2024-10-21,,,100.000,y,33.19,30,30,0,0.00,,,104.65,110.000,n,130.000,20,30,9,,X,8.900,5.988,AA,AA,无担保,,,,szcy,,,123070,123070,2.1380,380438,370438,,N,N,72.570,buy,,,6.92,N,433497356.0,329639518.0,Y,42.35,70027.62,5.43%,00,buy,buy,buy,15:14:03,210.91,18.58%,4.764,-15.29%,-15.72%,250.100,250.100,7.42%,154329.52,Y,0,0,,-,,N,-,buy,-,26-10-19,268.68,26.10,14.06,4.3%,3.3%,"转债占流动市值比：4.3%
转债占总市值比：3.3%",0.00,300438,sz123070,有效期：-；质押代码：123070,123070；2021-04-26 开始转股,全价：250.100 最后更新：15:14:03
113577,春秋转债,sh603890,春秋电子,C,10.85,2021-09-03,2020-10-20,2026-04-13,2024-04-15,,,100.000,y,53.67,30,30,0,0.00,,,266.62,112.000,n,130.000,15,30,1,,X,2.400,1.778,AA-,AA-,股份质押担保和保证,,,,shmb,,,113577,113577,0.8750,753890,754890,,N,N,71.240,buy,R,,2.48,N,439175264.0,387107945.0,Y,14.15,30310.58,3.82%,00,buy,buy,buy,14:59:57,130.41,18.68%,4.247,-6.37%,-7.03%,154.770,154.770,6.01%,74146.66,Y,0,0,,-,,N,-,buy,-,26-04-13,173.45,14.11,7.59,3.2%,2.9%,"转债占流动市值比：3.2%
转债占总市值比：2.9%",0.00,603890,sh113577,有效期：-；质押代码：113577,113577；2020-10-20 开始转股,全价：154.770 最后更新：14:59:57
113600,新星转债,sh603978,深圳新星,C,23.85,,2021-02-19,2026-08-12,2024-08-12,,,100.000,y,61.65,30,30,0,0.00,,,2.63,120.000,n,130.000,15,30,0,,N,5.950,4.533,AA-,AA-,股份质押担保,,,,shmb,2021年11月6日公告：本次（2021年10月8日至2021年11月5日）不行使提前赎回权利，至2022年2月6日均不提前赎回,,113600,113600,3.7180,753978,754978,,N,N,75.984,buy,,,2.69,N,165939476.0,165939476.0,Y,27.08,4066.98,-2.90%,00,buy,buy,buy,14:59:19,113.54,18.77%,4.578,-1.57%,-2.47%,134.850,134.850,-1.37%,1617.19,Y,0,0,G,-,,N,-,buy,-,26-08-12,153.62,31.00,16.70,10.1%,10.1%,"转债占流动市值比：10.1%
转债占总市值比：10.1%",0.00,603978,sh113600,有效期：-；质押代码：113600,113600；2021-02-19 开始转股,全价：134.850 最后更新：14:59:19
127045,牧原转债,sz002714,牧原股份,C,47.91,,2022-02-21,2027-08-16,2025-08-15,,,100.000,y,60.21,30,30,0,0.00,,,0.90,107.000,n,130.000,15,30,0,,X,95.500,95.500,AA+,AA+,无,,,,szmb,,,未到转股期,127045,1.8145,082714,072714,,N,N,84.360,buy,R,,5.22,Y,5262358594.0,3550079179.0,Y,55.70,149578.85,0.81%,00,buy,buy,buy,15:14:03,116.26,18.81%,5.589,-3.87%,-4.21%,138.130,138.130,-1.05%,12017.89,Y,0,0,,-,,N,-,buy,-,27-08-16,156.94,62.28,33.54,4.8%,3.3%,"转债占流动市值比：4.8%
转债占总市值比：3.3%",0.00,002714,sz127045,有效期：-；质押代码：127045,未到转股期；2022-02-21 开始转股,全价：138.130 最后更新：15:14:03
123087,明电转债,sz300739,明阳电路,C,16.32,2021-05-24,2021-06-21,2026-12-14,2025-12-15,,,100.000,y,56.15,30,30,0,0.00,,,5.78,115.000,n,130.000,15,30,0,,X,6.730,4.189,AA-,AA-,无担保,,,,szcy,,,123087,123087,2.4094,380739,370739,,N,N,84.410,buy,R,,3.00,N,294756807.0,288240829.0,Y,17.44,5285.18,0.81%,00,buy,buy,buy,15:14:03,106.86,18.85%,4.918,-1.03%,-1.75%,127.010,127.010,-1.50%,3113.05,Y,1,1,,-,,N,-,buy,-,26-12-14,145.86,21.22,9.79,8.3%,8.1%,"转债占流动市值比：8.3%
转债占总市值比：8.1%",0.00,300739,sz123087,有效期：-；质押代码：123087,123087；2021-06-21 开始转股,全价：127.010 最后更新：15:14:03
123057,美联转债,sz300586,美联新材,C,9.50,2021-07-12,2021-01-07,2026-06-30,2024-07-01,,,100.000,y,56.89,30,30,0,0.00,,,22.24,112.000,n,130.000,15,30,0,,N,2.070,2.066,AA-,AA-,无担保,,,,szcy,2021年12月13日公告：本次（2021年11月19日至2021年12月13日）不提前赎回，至2022年6月13日均提前赎回,,123057,123057,0.4533,380586,370586,,N,N,82.410,buy,,,4.99,N,524473683.0,346950508.0,Y,11.69,10757.03,-1.85%,00,buy,buy,buy,15:14:03,123.05,18.89%,4.460,-4.84%,-5.49%,146.300,146.300,-0.81%,6771.88,Y,0,0,G,-,,N,-,buy,-,26-06-30,165.19,12.35,6.65,5.1%,3.4%,"转债占流动市值比：5.1%
转债占总市值比：3.4%",0.00,300586,sz123057,有效期：-；质押代码：123057,123057；2021-01-07 开始转股,全价：146.300 最后更新：15:14:03
128120,联诚转债,sz002921,联诚精密,C,18.44,2021-05-11,2021-01-25,2026-07-16,2024-07-16,,,100.000,y,66.50,30,30,0,0.00,,,8.29,112.000,n,130.000,15,30,0,,X,2.600,2.600,A,A,实际控制人提供股票质押担保和保证担保,,,,szmb,,,128120,128120,3.1862,082921,072921,,N,N,69.810,buy,,,2.32,N,106080816.0,81816321.0,Y,19.41,8754.79,-3.10%,00,buy,buy,buy,15:14:03,105.26,18.95%,4.504,-1.36%,-2.04%,125.207,125.207,-2.64%,2721.56,Y,0,0,,-,,N,-,buy,-,26-07-16,144.16,23.97,12.91,16.4%,12.6%,"转债占流动市值比：16.4%
转债占总市值比：12.6%",0.00,002921,sz128120,有效期：-；质押代码：128120,128120；2021-01-25 开始转股,全价：125.207 最后更新：15:14:03
123105,拓尔转债,sz300229,拓尔思,C,9.96,2021-08-12,2021-09-27,2027-03-18,2025-03-18,,,100.000,y,61.10,30,30,0,0.00,,,2.77,115.000,n,130.000,15,30,0,,X,8.000,7.999,AA-,AA-,无,,,,szcy,,,123105,123105,1.1157,380229,370229,,N,N,57.500,buy,,,3.38,N,714757283.0,713331742.0,Y,11.41,25378.06,3.73%,00,buy,buy,buy,15:14:03,114.56,19.05%,5.175,-2.32%,-2.99%,136.380,136.380,-1.14%,3010.76,Y,0,0,,-,,N,-,buy,-,27-03-18,155.43,12.95,6.97,9.8%,9.8%,"转债占流动市值比：9.8%
转债占总市值比：9.8%",0.00,300229,sz123105,有效期：-；质押代码：123105,123105；2021-09-27 开始转股,全价：136.380 最后更新：15:14:03
128044,岭南转债,sz002717,岭南股份,C,3.43,2021-12-01,2019-02-20,2024-08-14,2022-08-14,,,100.000,y,68.02,30,30,0,0.00,,,5.71,107.000,n,130.000,15,30,0,,X,6.600,6.589,AA-,AA-,无担保,,,,szmb,,,128044,128044,0.6542,082717,072717,,N,N,40.500,buy,,,1.23,N,1684418292.0,1125742527.0,Y,3.53,31020.91,-4.85%,00,buy,buy,buy,15:14:03,102.92,19.12%,2.584,-4.07%,-4.76%,122.588,122.588,-2.16%,4654.46,Y,2,2,,-,,N,-,buy,-,24-08-14,141.71,4.46,2.40,16.6%,11.1%,"转债占流动市值比：16.6%
转债占总市值比：11.1%",0.00,002717,sz128044,有效期：-；质押代码：128044,128044；2019-02-20 开始转股,全价：122.588 最后更新：15:14:03
110081,闻泰转债,sh600745,闻泰科技,C,96.67,,2022-02-03,2027-07-27,2025-07-28,,,100.000,y,56.77,30,30,0,0.00,,,2.60,108.000,n,130.000,15,30,0,,X,86.000,86.000,AA+,AA+,无,,,,shmb,,,未到转股期,110081,6.9070,704745,733745,,N,N,55.670,buy,R,,4.51,N,1246210166.0,936607734.0,Y,119.20,142174.11,2.58%,00,buy,buy,buy,14:59:59,123.31,19.27%,5.534,-4.87%,-5.23%,147.070,147.070,0.70%,33200.56,Y,0,0,,-,,N,-,buy,-,27-07-27,166.34,125.67,67.67,7.7%,5.8%,"转债占流动市值比：7.7%
转债占总市值比：5.8%",0.00,600745,sh110081,有效期：-；质押代码：110081,未到转股期；2022-02-03 开始转股,全价：147.070 最后更新：14:59:59
128101,联创转债,sz002036,联创电子,C,13.72,2021-06-07,2020-09-21,2026-03-16,2024-03-18,,,100.000,y,40.37,30,30,0,0.00,,,104.88,110.000,n,130.000,15,30,9,,X,3.000,2.995,AA,AA,无担保,,,,szmb,,,128101,128101,0.4208,082036,072036,,N,N,25.381,buy,R,,6.40,N,1062824950.0,1045944418.0,Y,23.79,118324.29,7.50%,00,buy,buy,buy,15:14:03,173.40,19.28%,4.170,-13.38%,-13.89%,206.827,206.827,3.94%,64618.35,Y,0,0,,-,,N,-,buy,-,26-03-16,226.11,17.84,9.60,1.2%,1.2%,"转债占流动市值比：1.2%
转债占总市值比：1.2%",0.00,002036,sz128101,有效期：-；质押代码：128101,128101；2020-09-21 开始转股,全价：206.827 最后更新：15:14:03
128097,奥佳转债,sz002614,奥佳华,C,10.39,2021-04-30,2020-09-02,2026-02-25,2024-02-26,,,100.000,y,56.08,30,30,0,0.00,,,3.46,110.000,n,130.000,15,30,1,,X,12.000,4.586,AA-,AA-,无担保,,,,szmb,,,128097,128097,2.1380,082614,072614,,N,N,75.270,buy,,,1.71,N,630693012.0,448080169.0,Y,12.97,12978.92,-3.06%,00,buy,buy,buy,15:14:03,124.83,19.59%,4.118,-6.28%,-6.87%,149.291,149.291,-0.86%,2366.29,Y,0,0,,-,,N,-,buy,-,26-02-25,168.88,13.51,7.27,7.9%,5.6%,"转债占流动市值比：7.9%
转债占总市值比：5.6%",0.00,002614,sz128097,有效期：-；质押代码：128097,128097；2020-09-02 开始转股,全价：149.291 最后更新：15:14:03
123107,温氏转债,sz300498,温氏股份,C,17.62,2021-07-08,2021-10-08,2027-03-28,2025-03-28,,,100.000,y,63.54,30,30,0,0.88,2022-01-17,2022-01-17,1.49,108.000,n,130.000,15,30,0,,X,92.970,92.965,AAA,AAA,无,,,,szcy,,,123107,123107,1.4587,380498,370498,,N,N,73.790,buy,R,,3.42,N,6351814344.0,4728906382.0,Y,19.41,110769.85,-1.62%,00,buy,buy,buy,15:14:03,110.16,19.72%,5.203,-2.98%,-3.41%,131.880,131.880,-2.01%,18562.64,Y,0,0,,-,,N,-,buy,-,27-03-28,151.60,22.91,12.33,10.1%,7.5%,"转债占流动市值比：10.1%
转债占总市值比：7.5%",0.00,300498,sz123107,有效期：2022-01-17 到 2022-01-17；质押代码：123107,123107；2021-10-08 开始转股,全价：131.880 最后更新：15:14:03
113030,东风转债,sh601515,东风股份,C,6.40,2021-11-12,2020-06-30,2025-12-23,2023-12-25,,,100.000,y,54.50,30,30,0,0.00,,,19.37,112.000,n,130.000,15,30,6,,X,2.950,2.949,AA,AA,无担保,,,,shmb,,,113030,113030,0.2210,764515,783515,,N,N,13.210,buy,R,,2.76,N,1535743492.0,1334423360.0,Y,8.22,21783.52,-2.84%,00,buy,buy,buy,14:59:48,128.44,19.76%,3.942,-6.95%,-7.61%,153.820,153.820,-1.76%,8823.98,Y,0,0,,-,,N,-,buy,-,25-12-23,173.58,8.32,4.48,2.7%,2.3%,"转债占流动市值比：2.7%
转债占总市值比：2.3%",0.00,601515,sh113030,有效期：-；质押代码：113030,113030；2020-06-30 开始转股,全价：153.820 最后更新：14:59:48
123048,应急转债,sz300527,中船应急,C,8.88,2021-07-21,2020-10-16,2026-04-09,2024-04-09,,,100.000,y,59.65,30,30,0,0.00,,,16.62,108.000,n,130.000,15,30,0,,X,8.190,3.792,AA+,AA+,无担保,,,,szcy,,,123048,123048,0.8961,380527,370527,,N,N,13.090,buy,R,,3.67,N,963211158.0,963205358.0,Y,10.42,26384.16,0.00%,00,buy,buy,buy,15:14:03,117.34,19.91%,4.236,-5.18%,-5.68%,140.700,140.700,-0.57%,8944.83,Y,0,0,,-,,N,-,buy,-,26-04-09,160.61,11.54,6.22,3.8%,3.8%,"转债占流动市值比：3.8%
转债占总市值比：3.8%",0.00,300527,sz123048,有效期：-；质押代码：123048,123048；2020-10-16 开始转股,全价：140.700 最后更新：15:14:03
113516,苏农转债,sh603323,苏农银行,C,5.37,2021-06-08,2019-02-11,2024-08-01,,,,,n,,15,30,0,0.00,,,5.96,110.000,n,130.000,15,30,0,,X,25.000,12.885,AA+,AA+,无担保,,,,shmb,,,113516,113516,1.7260,753323,754323,,N,N,28.630,buy,R,,0.74,N,1803070253.0,1517793985.0,Y,5.33,18924.98,-3.44%,00,buy,buy,buy,14:59:53,99.26,19.99%,2.548,-1.97%,-2.89%,119.100,119.100,-3.05%,9223.71,Y,0,0,,-,,N,-,buy,-,24-08-01,139.09,6.98,-,15.9%,13.4%,"转债占流动市值比：15.9%
转债占总市值比：13.4%",0.00,603323,sh113516,有效期：-；质押代码：113516,113516；2019-02-11 开始转股,全价：119.100 最后更新：14:59:53
123054,思特转债,sz300608,思特奇,C,12.63,2021-05-26,2020-12-16,2026-06-09,2024-06-10,,,100.000,y,60.55,30,30,0,0.00,,,31.48,115.000,n,130.000,15,30,0,,X,2.710,2.074,AA-,AA-,无担保,,,,szcy,,,123054,123054,1.7214,380608,370608,,N,N,69.580,-,,,3.54,N,209910067.0,163171064.0,Y,14.60,14878.61,-0.95%,00,buy,buy,buy,15:14:03,115.60,20.24%,4.403,-3.13%,-3.92%,139.000,139.000,-1.24%,9119.47,Y,0,0,,-,,N,-,buy,-,26-06-09,159.24,16.42,8.84,8.7%,6.8%,"转债占流动市值比：8.7%
转债占总市值比：6.8%",0.00,300608,sz123054,有效期：-；质押代码：123054,123054；2020-12-16 开始转股,全价：139.000 最后更新：15:14:03
110079,杭银转债,sh600926,杭州银行,C,12.99,2021-08-30,2021-10-08,2027-03-29,,,,,y,,0,0,0,0.84,2022-01-17,2022-01-17,1.43,108.000,n,130.000,15,30,0,,X,150.000,149.993,AAA,AAA,无,,,,shmb,,,110079,110079,2.5290,704926,733926,,N,N,42.340,buy,R,,0.91,Y,5930255051.0,5060452059.0,Y,13.48,26417.81,-2.03%,00,buy,buy,buy,14:59:33,103.77,20.28%,5.205,-2.02%,-2.44%,124.820,124.820,-1.37%,26720.52,Y,1,1,,-,,N,-,buy,-,27-03-29,145.10,16.89,-,22.0%,18.8%,"转债占流动市值比：22.0%
转债占总市值比：18.8%",0.00,600926,sh110079,有效期：2022-01-17 到 2022-01-17；质押代码：110079,110079；2021-10-08 开始转股,全价：124.820 最后更新：14:59:33
110053,苏银转债,sh600919,江苏银行,C,6.37,2021-06-18,2019-09-20,2025-03-13,,,,,y,,15,30,0,0.82,2022-01-17,2022-01-17,1.70,111.000,n,130.000,15,30,0,,X,200.000,199.993,AAA,AAA,无担保,,,,shmb,,,110053,110053,1.7320,704919,733919,,N,N,26.970,buy,R,,0.51,N,14769628784.0,14679866951.0,Y,6.47,133212.11,-3.86%,00,buy,buy,buy,14:59:58,101.57,20.47%,3.162,-1.10%,-2.10%,122.360,122.360,-2.09%,41761.43,Y,0,0,,-,,N,-,buy,-,25-03-13,142.83,8.28,-,21.1%,20.9%,"转债占流动市值比：21.1%
转债占总市值比：20.9%",0.00,600919,sh110053,有效期：2022-01-17 到 2022-01-17；质押代码：110053,110053；2019-09-20 开始转股,全价：122.360 最后更新：14:59:58
110063,鹰19转债,sh600567,山鹰国际,C,3.26,2021-07-05,2020-06-19,2025-12-12,2023-12-12,,,100.000,y,69.36,30,30,0,0.00,,,0.34,111.000,n,130.000,15,30,0,,X,18.600,18.092,AA+,AA+,无担保,,,,shmb,,,110063,110063,0.4120,704567,733567,,N,N,31.650,buy,R,,0.92,N,4616166707.0,4616166707.0,Y,3.29,22580.03,-2.66%,00,buy,buy,buy,14:59:44,100.92,20.53%,3.912,-1.36%,-2.04%,121.640,121.640,-2.64%,759.31,Y,0,0,,-,,N,-,buy,-,25-12-12,142.17,4.24,2.28,11.9%,11.9%,"转债占流动市值比：11.9%
转债占总市值比：11.9%",0.00,600567,sh110063,有效期：-；质押代码：110063,110063；2020-06-19 开始转股,全价：121.640 最后更新：14:59:44
128053,尚荣转债,sz002551,尚荣医疗,C,4.88,2021-08-11,2019-08-20,2025-02-14,2023-02-14,,,100.000,y,57.12,30,30,0,0.00,,,296.27,110.000,n,130.000,15,30,0,,X,7.500,1.902,AA,AA,未提供担保,,,,szmb,,,128053,128053,1.0624,082551,072551,,N,N,15.800,buy,,,1.60,N,844682953.0,580891384.0,Y,5.98,32930.57,4.36%,00,buy,buy,buy,15:14:03,122.54,20.78%,3.088,-8.19%,-8.92%,148.000,148.000,2.25%,84006.38,Y,0,0,,-,,N,-,buy,-,25-02-14,168.78,6.34,3.42,5.5%,3.8%,"转债占流动市值比：5.5%
转债占总市值比：3.8%",0.00,002551,sz128053,有效期：-；质押代码：128053,128053；2019-08-20 开始转股,全价：148.000 最后更新：15:14:03
123129,锦鸡转债,sz300798,锦鸡股份,C,9.53,,2022-05-10,2027-11-03,2025-11-03,,,100.000,y,57.47,30,30,0,0.00,,,1.05,112.000,n,120.000,20,30,0,,X,6.000,6.000,AA-,AA-,无,,,,szcy,,,未到转股期,123129,1.4362,380798,370798,,N,N,32.210,-,,,3.33,N,417748945.0,210221808.0,Y,9.95,3003.89,-1.97%,00,buy,buy,buy,15:14:03,104.41,21.01%,5.805,-1.22%,-1.75%,126.340,126.340,-1.31%,795.29,Y,0,0,,-,,N,-,buy,-,27-11-03,147.35,11.44,5.72,28.7%,14.4%,"转债占流动市值比：28.7%
转债占总市值比：14.4%",0.00,300798,sz123129,有效期：-；质押代码：123129,未到转股期；2022-05-10 开始转股,全价：126.340 最后更新：15:14:03
110047,山鹰转债,sh600567,山鹰国际,C,3.30,2021-07-05,2019-05-27,2024-11-21,2022-11-21,,,100.000,y,70.21,30,30,0,0.00,,,0.90,113.000,n,130.000,15,30,0,,X,23.000,22.455,AA+,AA+,无担保,,,,shmb,,,110047,110047,0.5030,704567,733567,,N,N,14.080,buy,R,,0.92,N,4616166707.0,4616166707.0,Y,3.29,22580.03,-2.66%,00,buy,buy,buy,14:59:31,99.70,21.02%,2.855,-1.24%,-2.23%,120.650,120.650,-1.96%,2449.66,Y,0,0,,-,,N,-,buy,-,24-11-21,141.67,4.29,2.31,14.8%,14.8%,"转债占流动市值比：14.8%
转债占总市值比：14.8%",0.00,600567,sh110047,有效期：-；质押代码：110047,110047；2019-05-27 开始转股,全价：120.650 最后更新：14:59:31
128029,太阳转债,sz002078,太阳纸业,C,8.45,2021-07-08,2018-06-28,2022-12-22,2020-12-22,,,100.000,y,51.04,30,30,0,0.00,,,2.12,106.000,n,130.000,15,30,0,,N,12.000,9.086,AA+,AA+,无担保,,,,szmb,2022年1月1日公告：本次不提前赎回，至存续期结束前（即2022年12月22日前）均不行使提前赎回权利,,128029,128029,0.4628,082078,072078,,N,N,73.570,buy,R,,1.63,N,2687002843.0,2612712093.0,Y,11.59,29345.81,-2.44%,00,buy,buy,buy,15:14:03,137.16,21.03%,0.937,-38.58%,-39.35%,166.000,166.000,-1.13%,3188.53,Y,0,0,G,-,,N,-,buy,-,22-12-22,187.03,10.98,5.92,3.0%,2.9%,"转债占流动市值比：3.0%
转债占总市值比：2.9%",0.00,002078,sz128029,有效期：-；质押代码：128029,128029；2018-06-28 开始转股,全价：166.000 最后更新：15:14:03
128069,华森转债,sz002907,华森制药,C,18.01,2021-06-24,2019-12-30,2025-06-24,2023-06-26,,,100.000,y,67.82,30,30,0,0.00,,,51.74,115.000,n,130.000,15,30,0,,X,3.000,2.996,AA-,AA-,股份质押担保,,,,szmb,,,128069,128069,0.7498,082907,072907,,N,N,61.340,buy,,,5.89,N,401690732.0,284291978.0,Y,18.59,32675.46,1.36%,00,buy,buy,buy,15:14:03,103.22,21.08%,3.444,-1.37%,-2.31%,124.980,124.980,-0.61%,19578.51,Y,0,0,,-,,N,-,buy,-,25-06-24,146.06,23.41,12.61,5.7%,4.0%,"转债占流动市值比：5.7%
转债占总市值比：4.0%",0.00,002907,sz128069,有效期：-；质押代码：128069,128069；2019-12-30 开始转股,全价：124.980 最后更新：15:14:03
123130,设研转债,sz300732,设研院,C,11.24,,2022-05-17,2027-11-10,2025-11-10,,,100.000,y,64.28,30,30,0,0.00,,,2.48,112.000,n,130.000,15,30,0,,X,3.760,3.760,AA,AA,无,,,,szcy,,,未到转股期,123130,1.3718,380732,370732,,N,N,63.570,-,,,1.33,N,275296402.0,269066970.0,Y,12.24,4492.57,-2.08%,00,buy,buy,buy,15:14:03,108.90,21.13%,5.825,-2.06%,-2.55%,131.911,131.911,-2.86%,1245.63,Y,0,0,,-,,N,-,buy,-,27-11-10,153.04,14.61,7.87,11.4%,11.2%,"转债占流动市值比：11.4%
转债占总市值比：11.2%",0.00,300732,sz123130,有效期：-；质押代码：123130,未到转股期；2022-05-17 开始转股,全价：131.911 最后更新：15:14:03
128066,亚泰转债,sz002811,郑中设计,C,9.27,2021-06-15,2019-10-23,2025-04-17,2023-04-17,,,100.000,y,73.40,30,30,0,0.00,,,3.09,112.000,n,130.000,15,30,0,,X,4.800,4.798,AA-,AA-,"连带责任保证,保证人深圳市亚泰一兆投资有限公司",,,,szmb,,,128066,128066,2.6666,082811,072811,,N,N,77.910,buy,,,1.56,N,270023688.0,239078995.0,Y,8.84,1354.17,-2.86%,00,buy,buy,buy,15:14:03,95.36,21.13%,3.258,0.32%,-0.59%,115.510,115.510,-3.45%,1728.07,Y,1,1,,-,,N,-,buy,-,25-04-17,136.64,12.05,6.49,22.7%,20.1%,"转债占流动市值比：22.7%
转债占总市值比：20.1%",0.00,002811,sz128066,有效期：-；质押代码：128066,128066；2019-10-23 开始转股,全价：115.510 最后更新：15:14:03
128137,洁美转债,sz002859,洁美科技,C,27.63,2021-06-03,2021-05-10,2026-11-03,2024-11-04,,,100.000,y,55.75,30,30,0,0.00,,,1.14,112.000,n,130.000,15,30,0,,N,6.000,5.994,AA-,AA-,,,,,szmb,2021年12月28日公告：本次（2021年11月16日至2021年12月27日）不提前赎回，至2022年6月27日均不提前赎回,,128137,128137,1.4645,082859,072859,,N,N,81.230,buy,,,6.85,N,410020847.0,402836495.0,Y,34.69,10399.67,1.11%,00,buy,buy,buy,15:14:03,125.55,21.15%,4.805,-5.42%,-5.99%,152.100,152.100,0.40%,1052.79,Y,0,0,G,-,,N,-,buy,-,26-11-03,173.25,35.92,19.34,4.3%,4.2%,"转债占流动市值比：4.3%
转债占总市值比：4.2%",0.00,002859,sz128137,有效期：-；质押代码：128137,128137；2021-05-10 开始转股,全价：152.100 最后更新：15:14:03
113044,大秦转债,sh601006,大秦铁路,C,7.18,2021-07-08,2021-06-18,2026-12-13,2024-12-13,,,100.000,y,77.92,30,30,0,0.74,2022-01-17,2022-01-17,0.77,108.000,n,120.000,15,30,0,,X,320.000,319.992,AAA,AAA,无担保,,,,shmb,,,113044,113044,2.1520,764006,783006,,N,N,72.460,buy,R,,0.78,N,14866908025.0,14866908025.0,Y,6.45,19281.30,-1.07%,00,buy,buy,buy,14:59:47,89.83,21.41%,4.915,0.90%,0.39%,109.070,109.070,-1.04%,27185.99,Y,0,0,,-,,N,-,buy,-,26-12-13,130.48,8.62,5.03,33.4%,33.4%,"转债占流动市值比：33.4%
转债占总市值比：33.4%",0.00,601006,sh113044,有效期：2022-01-17 到 2022-01-17；质押代码：113044,113044；2021-06-18 开始转股,全价：109.070 最后更新：14:59:47
128033,迪龙转债,sz002658,雪迪龙,C,8.56,2021-10-19,2018-07-03,2023-12-27,2021-12-27,,,100.000,y,67.40,30,30,0,0.00,,,7.71,106.000,n,130.000,15,30,0,,X,5.200,2.977,AA,AA,无担保,,,,szmb,,,128033,128033,0.8596,082658,072658,,N,N,70.040,buy,,,2.23,N,630057171.0,332754681.0,Y,8.89,6045.90,0.11%,00,buy,buy,buy,15:14:03,103.86,21.42%,1.951,-7.91%,-8.56%,126.100,126.100,-1.48%,2919.42,Y,1,1,,-,,N,-,buy,-,23-12-27,147.52,11.13,5.99,10.1%,5.3%,"转债占流动市值比：10.1%
转债占总市值比：5.3%",0.00,002658,sz128033,有效期：-；质押代码：128033,128033；2018-07-03 开始转股,全价：126.100 最后更新：15:14:03
113598,法兰转债,sh603966,法兰泰克,C,9.70,2021-08-03,2021-02-08,2026-07-30,2024-07-30,,,100.000,y,67.90,30,30,0,0.00,,,3.24,115.000,n,130.000,15,30,0,,X,3.300,2.753,AA-,AA-,实际控制人股票质押担保,,,,shmb,,,113598,113598,1.5640,753966,754966,,N,N,83.780,buy,,,2.31,N,300324800.0,300324800.0,Y,10.00,3203.18,-2.53%,00,buy,buy,buy,14:59:56,103.09,21.48%,4.542,-0.81%,-1.58%,125.240,125.240,-1.86%,1128.59,Y,0,0,,-,,N,-,buy,-,26-07-30,146.72,12.61,6.79,9.2%,9.2%,"转债占流动市值比：9.2%
转债占总市值比：9.2%",0.00,603966,sh113598,有效期：-；质押代码：113598,113598；2021-02-08 开始转股,全价：125.240 最后更新：14:59:56
128037,岩土转债,sz002542,中化岩土,C,3.10,2021-07-07,2018-09-21,2024-03-15,2022-03-15,,,100.000,y,73.56,30,30,0,0.00,,,4.05,108.000,n,130.000,15,30,0,,X,6.037,6.028,AA,AA,无担保,,,,szmb,,,128037,128037,0.3333,082542,072542,,N,N,13.370,buy,,,1.29,N,1805339752.0,1498193375.0,Y,2.95,7841.86,-2.64%,00,buy,buy,buy,15:14:03,95.16,21.58%,2.167,-1.81%,-2.74%,115.700,115.700,-2.19%,2845.98,Y,1,1,,-,,N,-,buy,-,24-03-15,137.28,4.03,2.17,13.6%,11.3%,"转债占流动市值比：13.6%
转债占总市值比：11.3%",0.00,002542,sz128037,有效期：-；质押代码：128037,128037；2018-09-21 开始转股,全价：115.700 最后更新：15:14:03
128073,哈尔转债,sz002615,哈尔斯,C,5.70,2021-12-31,2020-02-28,2024-08-22,2022-08-22,,,100.000,y,69.63,30,30,0,0.00,,,4.07,112.000,n,130.000,15,30,0,,X,3.000,2.987,AA-,AA-,股份质押的担保方式,,,,szmb,,,128073,128073,0.7309,082615,072615,,N,N,27.880,buy,,,2.62,N,414119070.0,231116395.0,Y,5.73,3333.70,-2.39%,00,buy,buy,buy,15:14:03,100.53,21.71%,2.605,-2.54%,-3.50%,122.350,122.350,-2.03%,1495.08,Y,0,0,,-,,N,-,buy,-,24-08-22,144.06,7.41,3.99,22.6%,12.6%,"转债占流动市值比：22.6%
转债占总市值比：12.6%",0.00,002615,sz128073,有效期：-；质押代码：128073,128073；2020-02-28 开始转股,全价：122.350 最后更新：15:14:03
113601,塞力转债,sh603716,塞力医疗,C,16.98,,2021-03-01,2026-08-20,2024-08-20,,,100.000,y,68.78,30,30,0,0.00,,,39.79,115.000,n,130.000,15,30,0,,X,5.430,5.429,AA-,AA-,无担保,,,,shmb,,,113601,113601,2.7390,753716,754716,,N,N,67.160,buy,,,2.19,N,205018993.0,201323345.0,Y,17.28,45585.48,4.22%,00,buy,buy,buy,15:00:00,101.77,21.82%,4.600,-0.57%,-1.34%,123.970,123.970,0.82%,26858.18,Y,0,0,,-,,N,-,buy,-,26-08-20,145.79,22.07,11.89,15.6%,15.3%,"转债占流动市值比：15.6%
转债占总市值比：15.3%",0.00,603716,sh113601,有效期：-；质押代码：113601,113601；2021-03-01 开始转股,全价：123.970 最后更新：15:00:00
127049,希望转2,sz000876,新希望,C,14.45,,2022-05-09,2027-11-01,2025-11-03,,,100.000,y,60.71,30,30,0,0.92,2022-01-17,2022-01-17,1.66,107.000,n,130.000,15,30,0,,X,81.500,81.500,AAA,AAA,无,,,,szmb,,,未到转股期,127049,1.8400,080876,070876,,N,N,72.271,-,R,,2.17,N,4505211342.0,4325422589.0,Y,16.66,139298.38,-2.69%,00,buy,buy,buy,15:14:03,115.29,21.86%,5.800,-4.00%,-4.33%,140.499,140.499,-1.12%,19188.90,Y,0,0,,-,,N,-,buy,-,27-11-01,162.36,18.79,10.12,11.3%,10.9%,"转债占流动市值比：11.3%
转债占总市值比：10.9%",0.00,000876,sz127049,有效期：2022-01-17 到 2022-01-17；质押代码：127049,未到转股期；2022-05-09 开始转股,全价：140.499 最后更新：15:14:03
128144,利民转债,sz002734,利民股份,C,11.50,2021-09-07,2021-09-06,2027-02-28,2025-02-28,,,100.000,y,59.72,30,30,0,0.00,,,0.76,110.000,n,130.000,15,30,0,,X,9.800,9.795,AA,AA,无,,,,szmb,,,128144,128144,2.6306,082734,072734,,N,N,33.124,buy,,,1.85,N,372560656.0,325293528.0,Y,13.48,11743.69,-1.32%,00,buy,buy,buy,15:14:03,117.22,22.00%,5.126,-4.37%,-4.83%,143.000,143.000,-2.52%,1085.82,Y,1,1,,-,,N,-,buy,-,27-02-28,165.00,14.95,8.05,22.3%,19.5%,"转债占流动市值比：22.3%
转债占总市值比：19.5%",0.00,002734,sz128144,有效期：-；质押代码：128144,128144；2021-09-06 开始转股,全价：143.000 最后更新：15:14:03
123014,凯发转债,sz300407,凯发电气,C,8.05,2021-06-03,2019-02-11,2023-07-27,2021-07-27,,,100.000,y,62.40,30,30,0,0.00,,,4.66,106.000,n,130.000,15,30,0,,X,3.499,1.161,A+,A+,无担保,,,,szcy,,,123014,123014,1.2659,380407,370407,,N,N,45.880,buy,,,1.95,N,305096381.0,210891547.0,Y,9.03,3119.75,-1.95%,00,buy,buy,buy,15:14:03,112.17,22.05%,1.532,-14.72%,-15.48%,136.912,136.912,-1.05%,744.75,Y,0,0,,-,,N,-,buy,-,23-07-27,158.96,10.46,5.63,6.1%,4.2%,"转债占流动市值比：6.1%
转债占总市值比：4.2%",0.00,300407,sz123014,有效期：-；质押代码：123014,123014；2019-02-11 开始转股,全价：136.912 最后更新：15:14:03
123025,精测转债,sz300567,精测电子,C,49.37,2021-05-28,2019-10-08,2025-03-28,2023-03-29,,,100.000,y,56.70,30,30,0,0.00,,,5.99,112.000,n,130.000,15,30,2,,X,3.750,3.087,AA-,AA-,无担保,,,,szcy,,,123025,123025,2.2919,380567,370567,,N,N,62.670,buy,R,,5.16,N,278143947.0,201520612.0,Y,60.95,15930.03,0.66%,00,buy,buy,buy,15:14:03,123.46,22.15%,3.203,-7.89%,-8.70%,150.800,150.800,0.00%,2819.71,Y,0,0,,-,,N,-,buy,-,25-03-28,172.95,64.18,34.56,2.5%,1.8%,"转债占流动市值比：2.5%
转债占总市值比：1.8%",0.00,300567,sz123025,有效期：-；质押代码：123025,123025；2019-10-08 开始转股,全价：150.800 最后更新：15:14:03
128109,楚江转债,sz002171,楚江新材,C,8.63,2021-05-31,2020-12-10,2026-06-03,2024-06-03,,,100.000,y,53.08,30,30,0,0.00,,,1.66,110.000,n,130.000,15,30,0,,N,18.300,18.226,AA,AA,无担保,,,,szmb,2021年11月30日公告：本次不行使楚江转债的提前赎回权利，至2022年11月29日均不提前赎回,,128109,128109,1.4176,082171,072171,,N,N,78.850,buy,R,,2.51,N,1334530042.0,1244685323.0,Y,11.38,17966.89,1.25%,00,buy,buy,buy,15:14:03,131.87,22.32%,4.386,-7.58%,-8.11%,161.300,161.300,0.81%,4853.40,Y,0,0,G,-,,N,-,buy,-,26-06-03,183.62,11.22,6.04,12.9%,12.0%,"转债占流动市值比：12.9%
转债占总市值比：12.0%",0.00,002171,sz128109,有效期：-；质押代码：128109,128109；2020-12-10 开始转股,全价：161.300 最后更新：15:14:03
