bond_id,bond_nm,stock_id,stock_nm,btype,convert_price,convert_price_valid_from,convert_dt,maturity_dt,next_put_dt,put_dt,put_notes,put_price,put_inc_cpn_fl,put_convert_price_ratio,put_count_days,put_total_days,put_real_days,repo_discount_rt,repo_valid_from,repo_valid_to,turnover_rt,redeem_price,redeem_inc_cpn_fl,redeem_price_ratio,redeem_count_days,redeem_total_days,redeem_real_days,redeem_dt,redeem_flag,orig_iss_amt,curr_iss_amt,rating_cd,issuer_rating_cd,guarantor,ssc_dt,esc_dt,sc_notes,market_cd,force_redeem,real_force_redeem_price,convert_cd,repo_cd,ration,ration_cd,apply_cd,online_offline_ratio,qflag,qflag2,ration_rt,fund_rt,margin_flg,lt_bps,pb,pb_flag,total_shares,float_shares,sqflg,sprice,svolume,sincrease_rt,qstatus,bond_value,bond_value2,volatility_rate,last_time,convert_value,premium_rt,year_left,ytm_rt,ytm_rt_tax,price,full_price,increase_rt,volume,convert_price_valid,adj_scnt,adj_cnt,redeem_icon,ref_yield_info,adjust_tip,adjusted,option_tip,bond_value3,left_put_year,short_maturity_dt,dblow,force_redeem_price,put_convert_price,convert_amt_ratio,convert_amt_ratio2,convert_amt_ratio_tips,stock_net_value,stock_cd,pre_bond_id,repo_valid,convert_cd_tip,price_tips
113017,吉视转债,sh601929,吉视传媒,C,2.23,2021-12-08,2018-07-03,2023-12-27,2021-12-27,,,100.000,y,48.48,30,30,0,0.00,,,444.67,106.000,n,130.000,15,30,4,,X,15.600,11.354,AA+,AA+,无担保,,,,shmb,,,113017,113017,0.5010,764929,783929,,N,N,3.800,buy,R,,1.43,N,3111176649.0,3111176649.0,Y,3.22,240921.08,-10.06%,00,buy,buy,buy,15:00:00,144.39,-3.18%,1.923,-12.86%,-13.48%,139.810,139.810,-9.24%,750177.83,Y,1,1,,-,,N,-,buy,-,23-12-27,136.63,2.90,1.56,11.3%,11.3%,"转债占流动市值比：11.3%
转债占总市值比：11.3%",0.00,601929,sh113017,有效期：-；质押代码：113017,113017；2018-07-03 开始转股,全价：139.810 最后更新：15:00:00
113026,核能转债,sh601985,中国核电,C,5.73,2021-07-16,2019-10-21,2025-04-14,2023-04-17,,,100.000,y,53.20,30,30,0,0.83,2022-01-25,2022-01-25,9.31,105.000,n,130.000,15,30,16,,Y,78.000,56.651,AAA,AAA,无担保,,,,shmb,,,113026,113026,0.5010,764985,783985,,N,N,79.230,buy,R,,1.77,N,17522710852.0,17074949659.0,Y,7.54,115344.90,2.86%,00,buy,buy,buy,14:59:59,131.59,-0.55%,3.222,-5.55%,-6.04%,130.870,130.870,2.52%,68643.09,Y,0,0,O,-,,N,-,buy,-,25-04-14,130.32,7.45,4.01,4.4%,4.3%,"转债占流动市值比：4.4%
转债占总市值比：4.3%",0.00,601985,sh113026,有效期：2022-01-25 到 2022-01-25；质押代码：113026,113026；2019-10-21 开始转股,全价：130.870 最后更新：14:59:59
127011,中鼎转2,sz000887,中鼎股份,C,11.39,2021-06-07,2019-09-16,2025-03-08,2023-03-08,,,100.000,y,34.31,30,30,0,0.00,,,31.71,110.000,n,130.000,15,30,15,,X,12.000,11.536,AA+,AA+,无担保,,,,szmb,,,127011,127011,0.9829,080887,070887,,N,N,63.530,buy,R,,2.99,N,1211364474.0,1208772051.0,Y,23.24,71797.97,2.51%,00,buy,buy,buy,15:14:03,204.04,-0.07%,3.121,-17.17%,-17.81%,203.900,203.900,3.89%,73834.90,Y,0,0,B,-,,N,-,buy,-,25-03-08,203.83,14.81,7.97,4.1%,4.1%,"转债占流动市值比：4.1%
转债占总市值比：4.1%",0.00,000887,sz127011,有效期：-；质押代码：127011,127011；2019-09-16 开始转股,全价：203.900 最后更新：15:14:03
123111,东财转3,sz300059,东方财富,C,23.35,2021-05-27,2021-10-13,2027-04-06,2025-04-07,,,100.000,y,50.15,30,30,0,0.00,,,5.06,107.000,n,130.000,15,30,15,,X,158.000,150.371,AA+,AA+,无,,,,szcy,,,123111,123111,1.8344,380059,370059,,N,N,71.340,buy,R,,8.24,N,10366327855.0,8592810347.0,Y,32.59,354126.76,-1.96%,00,buy,buy,buy,15:14:03,139.57,0.31%,5.200,-4.50%,-4.84%,140.010,140.010,-1.75%,107508.17,Y,0,0,B,-,,N,-,buy,-,27-04-06,140.32,30.36,16.34,5.4%,4.5%,"转债占流动市值比：5.4%
转债占总市值比：4.5%",0.00,300059,sz123111,有效期：-；质押代码：123111,123111；2021-10-13 开始转股,全价：140.010 最后更新：15:14:03
123043,正元转债,sz300645,正元智慧,C,15.38,2021-06-09,2020-09-11,2026-03-04,2024-03-04,,,100.000,y,43.87,30,30,0,0.00,,,385.94,115.000,n,130.000,15,30,21,2022-02-17,Y,1.750,1.643,A+,A+,无担保,,,,szcy,"最后交易日：2022年2月17日
最后转股日：2022年2月17日
赎回价：100.67元/张",100.670,123043,123043,1.3815,380645,370645,,N,N,48.790,buy,,,4.49,N,127716673.0,127716673.0,Y,24.54,29717.29,4.65%,00,buy,buy,buy,15:14:03,159.56,0.46%,4.110,-6.78%,-7.56%,160.294,160.294,1.92%,102552.41,Y,0,0,R,-,,N,-,buy,-,26-03-04,160.75,19.99,10.77,5.2%,5.2%,"转债占流动市值比：5.2%
转债占总市值比：5.2%",0.00,300645,sz123043,有效期：-；质押代码：123043,123043；2020-09-11 开始转股,全价：160.294 最后更新：15:14:03
113591,胜达转债,sh603687,大胜达,C,8.76,2021-06-11,2021-01-08,2026-06-30,2024-07-01,,,100.000,y,54.80,30,30,0,0.00,,,43.21,116.000,n,130.000,15,30,13,,X,5.500,4.778,AA-,AA-,股票质押担保,,,,shmb,,,113591,113591,1.3300,753687,754687,,N,N,69.650,buy,,,2.54,N,414413879.0,145371179.0,Y,11.19,6513.98,-9.98%,00,buy,buy,buy,14:59:59,127.74,0.94%,4.433,-1.32%,-2.14%,128.940,128.940,-7.92%,27084.60,Y,2,2,,-,,N,-,buy,-,26-06-30,129.88,11.39,6.13,29.4%,10.3%,"转债占流动市值比：29.4%
转债占总市值比：10.3%",0.00,603687,sh113591,有效期：-；质押代码：113591,113591；2021-01-08 开始转股,全价：128.940 最后更新：14:59:59
128094,星帅转债,sz002860,星帅尔,C,13.80,2021-06-08,2020-07-22,2026-01-16,2024-01-16,,,100.000,y,42.18,30,30,0,0.00,,,121.75,115.000,n,130.000,15,30,15,,X,2.800,2.087,A+,A+,股份质押和保证,,,,szmb,,,128094,128094,2.3897,082860,072860,,N,N,75.030,buy,,,3.89,N,204206647.0,147145649.0,Y,22.90,10645.02,4.04%,00,buy,buy,buy,15:14:03,165.94,1.84%,3.981,-8.33%,-9.10%,168.990,168.990,5.42%,42747.15,Y,0,0,B,-,,N,-,buy,-,26-01-16,170.83,17.94,9.66,6.2%,4.5%,"转债占流动市值比：6.2%
转债占总市值比：4.5%",0.00,002860,sz128094,有效期：-；质押代码：128094,128094；2020-07-22 开始转股,全价：168.990 最后更新：15:14:03
128085,鸿达转债,sz002002,鸿达兴业,C,3.91,2021-06-22,2020-06-22,2025-12-16,2023-12-18,,,100.000,y,50.78,30,30,0,0.00,,,17.11,118.000,n,130.000,15,30,0,,N,24.270,3.391,B,B,无担保,,,,szmb,2021年12月11日公告：本次不提前赎回鸿达转债，至2022年12月8日前均不提前赎回,,128085,128085,0.9374,082002,072002,,N,N,26.280,buy,R,,1.61,N,3120485457.0,3116603421.0,Y,5.39,20790.73,0.37%,00,buy,buy,buy,15:14:03,137.85,2.14%,3.896,-3.31%,-4.28%,140.800,140.800,0.79%,8159.69,Y,0,0,G,-,,N,-,buy,-,25-12-16,142.94,5.08,2.74,2.0%,2.0%,"转债占流动市值比：2.0%
转债占总市值比：2.0%",0.00,002002,sz128085,有效期：-；质押代码：128085,128085；2020-06-22 开始转股,全价：140.800 最后更新：15:14:03
128106,华统转债,sz002840,华统股份,C,9.37,2021-06-30,2020-10-16,2026-04-09,2024-04-09,,,100.000,y,35.53,30,30,0,0.00,,,97.27,108.000,n,130.000,15,30,0,,N,5.500,4.055,AA,AA,连带责任保证,,,,szmb,2021年12月25日公告：本次（2021年12月6日至2021年12月24日）不提前赎回，至2022年6月26日均不提前赎回,,128106,128106,1.9826,082840,072840,,N,N,67.140,buy,,,4.84,N,456240764.0,444778364.0,Y,18.46,22110.61,2.61%,00,buy,buy,buy,15:14:03,197.01,2.21%,4.208,-13.07%,-13.51%,201.367,201.367,3.00%,79506.43,Y,0,0,G,-,,N,-,buy,-,26-04-09,203.58,12.18,6.56,4.9%,4.8%,"转债占流动市值比：4.9%
转债占总市值比：4.8%",0.00,002840,sz128106,有效期：-；质押代码：128106,128106；2020-10-16 开始转股,全价：201.367 最后更新：15:14:03
113541,荣晟转债,sh603165,荣晟环保,C,10.84,2021-05-17,2020-02-03,2025-07-22,2023-07-24,,,100.000,y,45.17,30,30,0,0.00,,,13.03,110.000,n,130.000,15,30,0,,N,3.300,1.628,AA-,AA-,股份质押和保证,,,,shmb,2021年11月22日公告：本次（2021年10月12日至2021年11月22日）不行使提前赎回权利，至2022年5月22日均不提前赎回,,113541,113541,1.8600,753165,754165,,N,N,24.502,buy,,,2.51,N,263201890.0,263201890.0,Y,16.80,1933.68,-1.00%,00,buy,buy,buy,14:59:42,154.98,2.50%,3.493,-9.15%,-9.78%,158.850,158.850,-1.04%,3380.26,Y,1,1,G,-,,N,-,buy,-,25-07-22,161.35,14.09,7.59,3.7%,3.7%,"转债占流动市值比：3.7%
转债占总市值比：3.7%",0.00,603165,sh113541,有效期：-；质押代码：113541,113541；2020-02-03 开始转股,全价：158.850 最后更新：14:59:42
118004,博瑞转债,sh688166,博瑞医药,C,35.68,,2022-07-11,2028-01-03,2026-01-05,,,100.000,y,71.98,30,30,0,0.00,,,,115.000,n,130.000,15,30,0,,X,4.650,4.650,AA-,AA-,无,,,,shkc,,,未到转股期,118004,1.1340,726166,718166,,N,N,55.740,-,R,,8.99,N,410000000.0,210912771.0,Y,34.70,67913.61,-9.35%,00,buy,buy,buy,,97.25,2.82%,5.945,3.32%,2.69%,100.000,100.000,0.00%,0.00,Y,0,0,,-,,N,-,buy,-,28-01-03,102.82,46.38,24.98,6.4%,3.3%,"转债占流动市值比：6.4%
转债占总市值比：3.3%",0.00,688166,sh118004,有效期：-；质押代码：118004,未到转股期；2022-07-11 开始转股,待上市
128096,奥瑞转债,sz002701,奥瑞金,C,4.50,2021-06-09,2020-08-17,2026-02-11,2024-02-12,,,100.000,y,50.08,30,30,0,0.00,,,6.75,110.000,n,130.000,15,30,15,,X,10.870,5.663,AA+,AA+,无担保,,,,szmb,,,128096,128096,0.4614,082701,072701,,N,N,58.210,buy,R,,2.09,N,2447652008.0,2445438132.0,Y,6.29,13183.90,-2.63%,00,buy,buy,buy,15:14:03,139.78,3.46%,4.052,-5.52%,-6.14%,144.619,144.619,-2.51%,5643.95,Y,0,0,B,-,,N,-,buy,-,26-02-11,148.08,5.85,3.15,3.7%,3.7%,"转债占流动市值比：3.7%
转债占总市值比：3.7%",0.00,002701,sz128096,有效期：-；质押代码：128096,128096；2020-08-17 开始转股,全价：144.619 最后更新：15:14:03
113585,寿仙转债,sh603896,寿仙谷,C,28.38,2021-06-30,2020-12-15,2026-06-08,2024-06-10,,,100.000,y,38.27,30,30,0,0.00,,,35.59,112.000,n,130.000,15,30,0,,N,3.600,1.008,AA-,AA-,连带责任保证,,,,shmb,2021年9月1日公告：本次（2021年8月11日至2021年8月31日）不行使提前赎回权利，至2022年2月28日均不提前赎回,,113585,113585,2.5080,753896,754896,,N,N,82.309,buy,,,5.26,N,152498417.0,152498417.0,Y,51.91,7633.23,0.00%,00,buy,buy,buy,14:59:56,182.91,3.70%,4.373,-10.60%,-11.18%,189.670,189.670,-0.78%,6782.99,Y,0,0,G,-,,N,-,buy,-,26-06-08,193.37,36.89,19.87,1.3%,1.3%,"转债占流动市值比：1.3%
转债占总市值比：1.3%",0.00,603896,sh113585,有效期：-；质押代码：113585,113585；2020-12-15 开始转股,全价：189.670 最后更新：14:59:56
123092,天壕转债,sz300332,天壕环境,C,5.19,2021-07-12,2021-06-30,2026-12-23,2024-12-23,,,100.000,y,35.69,30,30,0,0.00,,,16.37,115.000,n,130.000,15,30,15,,X,4.230,4.167,A+,A+,无,,,,szcy,,,123092,123092,0.4805,380332,370332,,N,N,55.430,buy,,,2.58,N,881408921.0,841982571.0,Y,10.18,11424.16,1.39%,00,buy,buy,buy,15:14:03,196.15,3.99%,4.915,-10.24%,-10.87%,203.975,203.975,1.64%,13802.03,Y,0,0,B,-,,N,-,buy,-,26-12-23,207.97,6.75,3.63,4.9%,4.6%,"转债占流动市值比：4.9%
转债占总市值比：4.6%",0.00,300332,sz123092,有效期：-；质押代码：123092,123092；2021-06-30 开始转股,全价：203.975 最后更新：15:14:03
123073,同和转债,sz300636,同和药业,C,14.82,2021-05-18,2021-05-06,2026-10-25,2024-10-26,,,100.000,y,48.39,30,30,0,0.00,,,14.34,116.000,n,130.000,20,30,8,,X,3.600,3.581,A+,A+,无担保,,,,szcy,,,123073,123073,2.7989,380636,370636,,N,N,70.695,buy,,,5.06,N,205906321.0,169027590.0,Y,21.44,5715.06,-1.52%,00,buy,buy,buy,15:14:03,144.67,4.04%,4.753,-4.42%,-5.16%,150.510,150.510,-1.30%,7769.82,Y,1,1,,-,,N,-,buy,-,26-10-25,154.55,19.27,10.37,9.9%,8.1%,"转债占流动市值比：9.9%
转债占总市值比：8.1%",0.00,300636,sz123073,有效期：-；质押代码：123073,123073；2021-05-06 开始转股,全价：150.510 最后更新：15:14:03
113548,石英转债,sh603688,石英股份,C,14.93,2021-05-28,2020-05-06,2025-10-27,2023-10-27,,,100.000,y,18.57,30,30,0,0.00,,,92.18,118.000,n,130.000,15,30,15,,X,3.600,1.202,AA-,AA-,股份质押和保证,,,,shmb,,,113548,113548,1.0780,753688,754688,,N,N,43.700,buy,R,,9.59,N,353147440.0,353147440.0,Y,56.27,21321.91,6.17%,00,buy,buy,buy,14:59:59,376.89,4.08%,3.759,-26.81%,-27.51%,392.280,392.280,4.64%,43621.43,Y,0,0,B,-,,N,-,buy,-,25-10-27,396.36,19.41,10.45,0.6%,0.6%,"转债占流动市值比：0.6%
转债占总市值比：0.6%",0.00,603688,sh113548,有效期：-；质押代码：113548,113548；2020-05-06 开始转股,全价：392.280 最后更新：14:59:59
128113,比音转债,sz002832,比音勒芬,C,14.60,2021-07-07,2020-12-21,2026-06-14,2024-06-14,,,100.000,y,43.40,30,30,0,0.00,,,6.17,112.000,n,130.000,15,30,15,,X,6.890,2.979,AA,AA,无担保,,,,szmb,,,128113,128113,1.3147,082832,072832,,N,N,85.110,buy,,,4.33,N,550326712.0,369037012.0,Y,23.55,4833.34,-1.87%,00,buy,buy,buy,15:14:03,161.30,4.15%,4.389,-8.07%,-8.66%,167.999,167.999,-2.21%,3101.22,Y,0,0,B,-,,N,-,buy,-,26-06-14,172.15,18.98,10.22,3.4%,2.3%,"转债占流动市值比：3.4%
转债占总市值比：2.3%",0.00,002832,sz128113,有效期：-；质押代码：128113,128113；2020-12-21 开始转股,全价：167.999 最后更新：15:14:03
127040,国泰转债,sz002091,江苏国泰,C,9.02,,2022-01-13,2027-07-06,2025-07-07,,,100.000,y,52.14,30,30,0,0.00,,,6.43,108.000,n,130.000,15,30,8,,X,45.574,44.835,AA+,AA+,无,,,,szmb,,,127040,127040,2.9100,082091,072091,,N,N,65.940,buy,R,,1.93,N,1563536598.0,1513016522.0,Y,12.11,17759.54,1.85%,00,buy,buy,buy,15:14:03,134.26,4.24%,5.449,-3.98%,-4.37%,139.950,139.950,-3.57%,40655.03,Y,0,0,,-,,N,-,buy,-,27-07-06,144.19,11.73,6.31,24.5%,23.7%,"转债占流动市值比：24.5%
转债占总市值比：23.7%",0.00,002091,sz127040,有效期：-；质押代码：127040,127040；2022-01-13 开始转股,全价：139.950 最后更新：15:14:03
132018,G三峡EB1,sh600900,长江电力,E,16.74,2021-07-16,2020-04-13,2024-04-09,2023-04-10,,,100.000,y,51.28,30,30,0,0.93,2022-01-25,2022-01-25,0.40,108.000,y,120.000,15,30,30,,X,200.000,160.492,AAA,AAA,长江电力A股股票及其孳息,,,,shmb,,,132018,132018,,,759001,,N,N,100.000,buy,R,,2.96,N,22741859230.0,22741859230.0,Y,22.85,61739.60,-0.57%,00,buy,buy,buy,14:59:54,136.50,4.29%,2.208,-11.26%,-11.96%,141.950,142.349,-0.55%,9081.64,Y,0,0,B,-,,N,-,buy,-,24-04-09,146.24,20.09,11.72,3.1%,3.1%,"转债占流动市值比：3.1%
转债占总市值比：3.1%",0.00,600900,sh132018,有效期：2022-01-25 到 2022-01-25；质押代码：132018,132018；2020-04-13 开始转股,全价：142.349 最后更新：14:59:54
128103,同德转债,sz002360,同德化工,C,5.08,2021-05-25,2020-10-09,2026-03-25,2024-03-25,,,100.000,y,40.97,30,30,0,0.00,,,44.94,115.000,n,130.000,15,30,15,,X,1.440,0.884,A+,A+,土地、固定资产等抵押方式,,,,szmb,,,128103,128103,0.3859,082360,072360,,N,N,31.100,buy,,,2.58,N,402376378.0,312278270.0,Y,8.68,5345.58,-2.14%,00,buy,buy,buy,15:14:03,170.87,4.64%,4.167,-9.08%,-9.84%,178.800,178.800,-1.76%,7178.58,Y,0,0,B,-,,N,-,buy,-,26-03-25,183.44,6.60,3.56,3.3%,2.5%,"转债占流动市值比：3.3%
转债占总市值比：2.5%",0.00,002360,sz128103,有效期：-；质押代码：128103,128103；2020-10-09 开始转股,全价：178.800 最后更新：15:14:03
128046,利尔转债,sz002258,利尔化学,C,18.42,2021-04-13,2019-04-23,2024-10-17,2022-10-17,,,100.000,y,43.96,30,30,0,0.00,,,9.03,108.000,n,130.000,20,30,15,,X,8.520,8.076,AA,AA,无担保,,,,szmb,,,128046,128046,1.6247,082258,072258,,N,N,43.380,buy,R,,3.42,N,526773275.0,524181885.0,Y,29.33,28347.09,-4.24%,00,buy,buy,buy,15:14:03,159.23,4.98%,2.732,-14.01%,-14.63%,167.156,167.156,-0.50%,12044.52,Y,0,0,,-,,N,-,buy,-,24-10-17,172.14,23.95,12.89,5.3%,5.2%,"转债占流动市值比：5.3%
转债占总市值比：5.2%",0.00,002258,sz128046,有效期：-；质押代码：128046,128046；2019-04-23 开始转股,全价：167.156 最后更新：15:14:03
113549,白电转债,sh603861,白云电器,C,9.06,2021-11-16,2020-05-21,2025-11-14,2023-11-14,,,100.000,y,53.93,30,30,0,0.00,,,16.60,110.000,n,130.000,15,30,13,,X,8.800,8.048,AA,AA,无担保,,,,shmb,,,113549,113549,1.9470,753861,753861,,N,N,62.480,buy,,,1.90,N,435960858.0,421289381.0,Y,11.76,6560.66,2.89%,00,buy,buy,buy,14:59:51,129.80,5.20%,3.808,-4.64%,-5.27%,136.550,136.550,0.83%,18256.02,Y,0,0,,-,,N,-,buy,-,25-11-14,141.75,11.78,6.34,16.2%,15.7%,"转债占流动市值比：16.2%
转债占总市值比：15.7%",0.00,603861,sh113549,有效期：-；质押代码：113549,113549；2020-05-21 开始转股,全价：136.550 最后更新：14:59:51
128050,钧达转债,sz002865,钧达股份,C,14.81,2021-11-26,2019-06-14,2024-12-10,2022-12-10,,,100.000,y,16.33,30,30,0,0.00,,,1905.41,118.000,n,130.000,15,30,30,2022-01-27,Y,3.200,0.217,AA-,AA-,中汽塑料,,,,szmb,"最后交易日：2022年1月27日
最后转股日：2022年1月27日
赎回价：100.21元/张",100.210,128050,128050,2.6298,082865,072865,,N,N,17.350,buy,,,8.33,N,137291465.0,133915115.0,Y,63.47,25945.39,10.00%,00,buy,buy,buy,15:14:03,428.56,5.24%,2.879,-36.89%,-37.63%,451.000,451.000,15.05%,179457.95,Y,1,1,R,-,,N,-,buy,-,24-12-10,456.24,19.25,10.37,0.3%,0.2%,"转债占流动市值比：0.3%
转债占总市值比：0.2%",0.00,002865,sz128050,有效期：-；质押代码：128050,128050；2019-06-14 开始转股,全价：451.000 最后更新：15:14:03
123012,万顺转债,sz300057,万顺新材,C,5.27,2021-05-17,2019-01-26,2024-07-20,2022-07-20,,,100.000,y,42.02,30,30,0,0.00,,,43.75,106.000,n,130.000,15,30,15,,X,9.500,1.225,AA-,AA-,无担保,,,,szcy,,,123012,123012,2.1607,380057,370057,,N,N,2.190,buy,,,1.67,N,683644894.0,507430086.0,Y,8.78,6841.13,-2.55%,00,buy,buy,buy,15:14:03,166.60,5.34%,2.488,-17.57%,-18.10%,175.500,175.500,-0.63%,9374.86,Y,0,0,B,-,,N,-,buy,-,24-07-20,180.84,6.85,3.69,2.7%,2.0%,"转债占流动市值比：2.7%
转债占总市值比：2.0%",0.00,300057,sz123012,有效期：-；质押代码：123012,123012；2019-01-26 开始转股,全价：175.500 最后更新：15:14:03
128013,洪涛转债,sz002325,洪涛股份,C,2.31,2021-12-13,2017-02-06,2022-07-29,2020-07-29,,,100.000,y,61.02,30,30,0,0.00,,,3.26,108.000,n,130.000,15,30,0,,X,12.000,10.607,A-,A-,无担保,,,,szmb,,,128013,128013,0.9980,082325,072325,10,N,N,,buy,R,,1.21,N,1325359461.0,1003074122.0,Y,2.65,1970.86,-1.49%,00,buy,buy,buy,15:14:03,114.72,5.34%,0.510,-20.84%,-23.43%,120.840,120.840,-0.43%,4187.51,Y,3,3,,-,,N,-,buy,-,22-07-29,126.18,3.00,1.62,39.9%,30.2%,"转债占流动市值比：39.9%
转债占总市值比：30.2%",0.00,002325,sz128013,有效期：-；质押代码：128013,128013；2017-02-06 开始转股,全价：120.840 最后更新：15:14:03
127007,湖广转债,sz000665,湖北广电,C,5.58,2020-07-17,2019-01-04,2024-06-28,2022-06-28,,,100.000,y,38.29,30,30,0,0.00,,,786.34,108.000,n,130.000,15,30,14,,X,17.336,4.153,AA+,AA+,无担保,,,,szmb,,,127007,127007,2.7248,080665,070665,,N,N,16.550,buy,R,,1.74,N,1014363870.0,1014306085.0,Y,10.20,270612.76,-8.93%,00,buy,buy,buy,15:14:03,182.80,5.86%,2.427,-20.65%,-21.28%,193.500,193.500,-4.68%,661246.94,Y,1,1,,-,,N,-,buy,-,24-06-28,199.36,7.25,3.91,4.0%,4.0%,"转债占流动市值比：4.0%
转债占总市值比：4.0%",0.00,000665,sz127007,有效期：-；质押代码：127007,127007；2019-01-04 开始转股,全价：193.500 最后更新：15:14:03
123089,九洲转2,sz300040,九洲集团,C,5.68,2021-07-14,2021-06-25,2026-12-20,2024-12-20,,,100.000,y,44.42,30,30,0,0.00,,,18.21,115.000,n,130.000,15,30,0,,N,5.000,3.063,AA-,AA-,无担保,,,,szcy,2021年10月26日公告：本次（截至2021年10月26日）不行使九洲转2的提前赎回权利，至2022年1月29日均不提前赎回,,123089,123089,1.3144,380040,370040,,N,N,61.460,buy,,,1.99,N,587645532.0,455302906.0,Y,8.95,7368.96,1.70%,00,buy,buy,buy,15:14:03,157.57,5.98%,4.907,-6.53%,-7.18%,167.000,167.000,1.47%,9254.20,Y,0,0,G,-,,N,-,buy,-,26-12-20,172.98,7.38,3.98,7.5%,5.8%,"转债占流动市值比：7.5%
转债占总市值比：5.8%",0.00,300040,sz123089,有效期：-；质押代码：123089,123089；2021-06-25 开始转股,全价：167.000 最后更新：15:14:03
123083,朗新转债,sz300682,朗新科技,C,15.39,2021-12-23,2021-06-15,2026-12-08,2024-12-09,,,100.000,y,30.09,30,30,0,0.00,,,28.95,110.000,n,130.000,15,30,5,,X,8.000,6.010,AA,AA,无担保,,,,szcy,,,123083,123083,0.7833,380682,370682,,N,N,77.260,buy,,,6.75,N,1045521166.0,737572050.0,Y,35.80,28245.00,-3.89%,00,buy,buy,buy,15:14:03,232.62,6.74%,4.874,-14.84%,-15.26%,248.290,248.290,-1.51%,43096.90,Y,0,0,,-,,N,-,buy,-,26-12-08,255.03,20.01,10.77,2.3%,1.6%,"转债占流动市值比：2.3%
转债占总市值比：1.6%",0.00,300682,sz123083,有效期：-；质押代码：123083,123083；2021-06-15 开始转股,全价：248.290 最后更新：15:14:03
128128,齐翔转2,sz002408,齐翔腾达,C,5.69,2021-09-29,2021-02-26,2026-08-19,2024-08-19,,,100.000,y,40.27,30,30,0,0.00,,,14.63,110.000,n,130.000,15,30,15,,X,29.900,6.806,AA,AA,无担保,,,,szmb,,,128128,128128,1.7102,082408,072408,,N,N,76.460,buy,R,,2.26,N,2842637146.0,2771179688.0,Y,9.89,35084.88,4.00%,00,buy,buy,buy,15:14:03,173.81,6.84%,4.570,-10.12%,-10.62%,185.700,185.700,7.12%,18049.87,Y,0,0,B,-,,N,-,buy,-,26-08-19,192.54,7.40,3.98,2.5%,2.4%,"转债占流动市值比：2.5%
转债占总市值比：2.4%",0.00,002408,sz128128,有效期：-；质押代码：128128,128128；2021-02-26 开始转股,全价：185.700 最后更新：15:14:03
123024,岱勒转债,sz300700,岱勒新材,C,14.10,2021-06-01,2019-09-27,2024-03-21,2022-03-21,,,100.000,y,48.05,30,30,0,0.00,,,154.05,110.000,n,130.000,15,30,6,,X,2.100,2.097,A+,A+,无担保,,,,szcy,,,123024,123024,2.5485,380700,370700,,N,N,55.940,buy,,,4.26,N,107137593.0,74276829.0,Y,20.54,15671.64,-2.19%,00,buy,buy,buy,15:14:03,145.67,7.01%,2.156,-14.21%,-15.08%,155.888,155.888,-0.14%,50014.32,Y,1,1,,-,,N,-,buy,-,24-03-21,162.90,18.33,9.87,13.7%,9.5%,"转债占流动市值比：13.7%
转债占总市值比：9.5%",0.00,300700,sz123024,有效期：-；质押代码：123024,123024；2019-09-27 开始转股,全价：155.888 最后更新：15:14:03
123052,飞鹿转债,sz300665,飞鹿股份,C,7.05,2021-06-03,2020-12-11,2026-06-04,2024-06-04,,,100.000,y,50.56,30,30,0,0.00,,,15.99,120.000,n,130.000,15,30,0,,N,1.770,1.504,A+,A+,无担保,,,,szcy,2021年8月24日公告：本次（2021年8月4日至2021年8月24日）不提前赎回，至2022年2月24日均不提前赎回,,123052,123052,1.4612,380665,370665,,N,N,75.366,buy,,,3.10,N,173398120.0,132959648.0,Y,9.76,2750.11,-2.01%,00,buy,buy,buy,15:14:03,138.44,7.63%,4.362,-3.72%,-4.67%,149.000,149.000,-1.42%,3575.62,Y,0,0,G,-,,N,-,buy,-,26-06-04,156.63,9.16,4.93,11.6%,8.9%,"转债占流动市值比：11.6%
转债占总市值比：8.9%",0.00,300665,sz123052,有效期：-；质押代码：123052,123052；2020-12-11 开始转股,全价：149.000 最后更新：15:14:03
113534,鼎胜转债,sh603876,鼎胜新材,C,15.18,2020-07-24,2019-10-16,2025-04-08,2023-04-10,,,100.000,y,28.34,30,30,0,0.00,,,58.65,110.000,n,130.000,15,30,0,,N,12.540,4.038,AA-,AA-,无担保,,,,shmb,2021年10月29日公告：本次（2021年10月8日至2021年10月28日）不提前赎回，至2022年1月28日均不提前赎回,,113534,113534,2.9160,753876,754876,,N,N,46.940,buy,,,3.85,N,485976499.0,485976499.0,Y,37.49,29951.68,8.29%,00,buy,buy,buy,14:59:59,246.97,7.77%,3.205,-23.52%,-24.07%,266.170,266.170,8.15%,61967.40,Y,1,1,G,-,,N,-,buy,-,25-04-08,273.94,19.73,10.63,2.2%,2.2%,"转债占流动市值比：2.2%
转债占总市值比：2.2%",0.00,603876,sh113534,有效期：-；质押代码：113534,113534；2019-10-16 开始转股,全价：266.170 最后更新：14:59:59
127042,嘉美转债,sz002969,嘉美包装,C,4.87,,2022-02-14,2027-08-09,2025-08-11,,,100.000,y,59.18,30,30,0,0.00,,,12.35,112.000,n,130.000,15,30,0,,X,7.500,7.500,AA,AA,无,,,,szmb,,,未到转股期,127042,0.7809,082969,072969,,N,N,8.550,-,,,2.42,N,962170735.0,444176962.0,Y,5.76,13285.76,1.41%,00,buy,buy,buy,15:14:03,118.28,7.80%,5.542,-1.55%,-2.08%,127.501,127.501,0.55%,11848.37,Y,0,0,,-,,N,-,buy,-,27-08-09,135.30,6.33,3.41,29.3%,13.5%,"转债占流动市值比：29.3%
转债占总市值比：13.5%",0.00,002969,sz127042,有效期：-；质押代码：127042,未到转股期；2022-02-14 开始转股,全价：127.501 最后更新：15:14:03
113567,君禾转债,sh603617,君禾股份,C,10.58,2021-12-09,2020-09-10,2026-03-03,2024-03-04,,,100.000,y,57.01,30,30,0,0.00,,,10.49,113.000,n,130.000,15,30,0,,X,2.100,2.099,A+,A+,股票质押担保,,,,shmb,,,113567,113567,1.4730,753617,754617,,N,N,70.840,buy,,,4.51,N,259301043.0,199462981.0,Y,12.99,1118.27,-2.11%,00,buy,buy,buy,14:59:51,122.78,7.94%,4.107,-2.69%,-3.45%,132.530,132.530,-1.07%,2954.12,Y,0,0,,-,,N,-,buy,-,26-03-03,140.47,13.75,7.41,8.1%,6.2%,"转债占流动市值比：8.1%
转债占总市值比：6.2%",0.00,603617,sh113567,有效期：-；质押代码：113567,113567；2020-09-10 开始转股,全价：132.530 最后更新：14:59:51
113053,隆22转债,sh601012,隆基股份,C,82.65,,2022-07-11,2028-01-04,2026-01-05,,,100.000,y,75.59,30,30,0,0.00,,,,107.000,n,130.000,15,30,0,,X,70.000,70.000,AAA,AAA,无,,,,shmb,,,未到转股期,113053,1.2930,764012,783012,,N,N,62.100,-,R,,9.00,N,5412952708.0,5412832854.0,Y,76.54,386774.94,0.71%,00,buy,buy,buy,,92.61,7.98%,5.948,1.83%,1.47%,100.000,100.000,0.00%,0.00,Y,0,0,,-,,N,-,buy,-,28-01-04,107.98,107.44,57.85,1.7%,1.7%,"转债占流动市值比：1.7%
转债占总市值比：1.7%",0.00,601012,sh113053,有效期：-；质押代码：113053,未到转股期；2022-07-11 开始转股,待上市
123086,海兰转债,sz300065,海兰信,C,7.27,2021-07-15,2021-06-17,2026-12-10,2024-12-10,,,100.000,y,37.36,30,30,0,0.00,,,83.22,118.000,n,130.000,15,30,15,,X,7.300,4.817,AA-,AA-,无担保,,,,szcy,,,123086,123086,1.8358,380065,370065,,N,N,59.780,buy,R,,4.89,N,629856814.0,561691887.0,Y,13.62,34344.37,3.89%,00,buy,buy,buy,15:14:03,187.35,8.04%,4.879,-9.83%,-10.52%,202.400,202.400,6.24%,79521.98,Y,1,1,B,-,,N,-,buy,-,26-12-10,210.44,9.45,5.09,6.3%,5.6%,"转债占流动市值比：6.3%
转债占总市值比：5.6%",0.00,300065,sz123086,有效期：-；质押代码：123086,123086；2021-06-17 开始转股,全价：202.400 最后更新：15:14:03
123085,万顺转2,sz300057,万顺新材,C,6.20,2021-05-17,2021-06-17,2026-12-10,2024-12-10,,,100.000,y,49.43,30,30,0,0.00,,,6.75,108.000,n,130.000,15,30,15,,X,9.000,8.511,AA-,AA-,无担保,,,,szcy,,,123085,123085,1.3341,380057,370057,,N,N,66.940,buy,,,1.67,N,683644894.0,507430086.0,Y,8.78,6841.13,-2.55%,00,buy,buy,buy,15:14:03,141.61,8.11%,4.879,-6.15%,-6.58%,153.092,153.092,2.06%,8644.84,Y,0,0,B,-,,N,-,buy,-,26-12-10,161.20,8.06,4.34,19.1%,14.2%,"转债占流动市值比：19.1%
转债占总市值比：14.2%",0.00,300057,sz123085,有效期：-；质押代码：123085,123085；2021-06-17 开始转股,全价：153.092 最后更新：15:14:03
128082,华锋转债,sz002806,华锋股份,C,9.13,2021-03-23,2020-06-10,2025-12-03,2023-12-04,,,100.000,y,47.13,30,30,0,0.00,,,22.38,115.000,n,130.000,15,30,15,,X,3.520,2.036,A,A,土地、房产、机器设备等资产抵 押和股份质押担保,,,,szmb,,,128082,128082,1.9995,082806,072806,,N,N,5.530,buy,,,2.21,N,191703355.0,139230770.0,Y,13.56,4268.45,2.42%,00,buy,buy,buy,15:14:03,148.52,8.40%,3.860,-7.36%,-8.18%,161.000,161.000,3.07%,7311.69,Y,2,2,B,-,,N,-,buy,-,25-12-03,169.40,11.87,6.39,10.8%,7.8%,"转债占流动市值比：10.8%
转债占总市值比：7.8%",0.00,002806,sz128082,有效期：-；质押代码：128082,128082；2020-06-10 开始转股,全价：161.000 最后更新：15:14:03
128081,海亮转债,sz002203,海亮股份,C,9.69,2021-06-23,2020-05-27,2025-11-21,2023-11-21,,,100.000,y,56.52,30,30,0,0.00,,,1.93,110.000,n,130.000,15,30,1,,X,31.500,30.055,AA,AA,无担保,,,,szmb,,,128081,128081,1.6136,082203,072203,,N,N,64.450,buy,R,,2.22,N,1966736307.0,1923941740.0,Y,12.00,8514.87,-2.12%,00,buy,buy,buy,15:14:03,123.84,8.83%,3.827,-4.29%,-4.91%,134.780,134.780,0.10%,7803.57,Y,0,0,,-,,N,-,buy,-,25-11-21,143.61,12.60,6.78,13.0%,12.7%,"转债占流动市值比：13.0%
转债占总市值比：12.7%",0.00,002203,sz128081,有效期：-；质押代码：128081,128081；2020-05-27 开始转股,全价：134.780 最后更新：15:14:03
113626,伯特转债,sh603596,伯特利,C,36.01,2021-10-28,2022-01-05,2027-06-28,2025-06-27,,,100.000,y,33.08,30,30,0,0.00,,,20.78,116.000,n,130.000,15,30,14,,X,9.020,9.016,AA,AA,无,,,,shmb,,,113626,113626,2.2130,753596,754596,,N,N,70.636,buy,,,9.37,N,408446000.0,406626000.0,Y,76.19,42759.58,2.60%,00,buy,buy,buy,14:59:58,211.58,8.86%,5.427,-11.33%,-11.88%,230.330,230.330,6.25%,42004.90,Y,0,0,,-,,N,-,buy,-,27-06-28,239.19,46.81,25.21,2.9%,2.9%,"转债占流动市值比：2.9%
转债占总市值比：2.9%",0.00,603596,sh113626,有效期：-；质押代码：113626,113626；2022-01-05 开始转股,全价：230.330 最后更新：14:59:58
113568,新春转债,sh603667,五洲新春,C,8.75,2021-06-15,2020-09-14,2026-03-05,2024-03-05,,,100.000,y,42.83,30,30,0,0.00,,,15.61,118.000,n,130.000,15,30,0,,N,3.300,2.436,AA-,AA-,无担保,,,,shmb,2021年8月10日公告：本次（2021年7月12日至2021年8月10日）不行使提前赎回权利，至2022年2月10日均不提前赎回,,113568,113568,1.1600,753667,754667,,N,N,15.920,buy,,,2.25,N,301173285.0,265065997.0,Y,14.30,4995.55,-0.42%,00,buy,buy,buy,14:59:59,163.43,8.93%,4.112,-8.55%,-9.42%,178.030,178.030,-0.22%,6771.20,Y,0,0,G,-,,N,-,buy,-,26-03-05,186.96,11.38,6.12,6.4%,5.7%,"转债占流动市值比：6.4%
转债占总市值比：5.7%",0.00,603667,sh113568,有效期：-；质押代码：113568,113568；2020-09-14 开始转股,全价：178.030 最后更新：14:59:59
128091,新天转债,sz002873,新天药业,C,11.62,2021-11-10,2020-07-06,2025-12-30,2024-01-01,,,100.000,y,40.47,30,30,0,0.00,,,184.26,113.000,n,130.000,15,30,0,,N,1.770,1.547,A+,A+,房产抵押和股份质押,,,,szmb,2022年1月13日公告：本次（2021年12月22日至2022年1月12日）不提前赎回，至2022年6月30日均不提前赎回,,128091,128091,1.5410,082873,072873,,N,N,46.250,buy,,,3.69,N,164048027.0,155115979.0,Y,20.10,17436.57,-2.57%,00,buy,buy,buy,15:14:03,172.98,9.46%,3.934,-11.42%,-12.11%,189.344,189.344,-4.37%,54648.46,Y,0,0,G,-,,N,-,buy,-,25-12-30,198.80,15.11,8.13,5.0%,4.7%,"转债占流动市值比：5.0%
转债占总市值比：4.7%",0.00,002873,sz128091,有效期：-；质押代码：128091,128091；2020-07-06 开始转股,全价：189.344 最后更新：15:14:03
123078,飞凯转债,sz300398,飞凯材料,C,15.56,2021-05-31,2021-06-03,2026-11-26,2024-11-26,,,100.000,y,42.38,30,30,0,0.00,,,43.29,110.000,n,120.000,15,30,15,,X,8.250,7.198,AA,AA,无担保,,,,szcy,,,123078,123078,1.5992,380398,370398,,N,N,35.740,buy,R,,4.34,N,522186201.0,515927321.0,Y,25.70,83716.93,-2.65%,00,buy,buy,buy,15:14:03,165.17,9.56%,4.841,-9.10%,-9.57%,180.956,180.956,-4.15%,56528.11,Y,1,1,B,-,,N,-,buy,-,26-11-26,190.52,18.67,10.89,5.4%,5.4%,"转债占流动市值比：5.4%
转债占总市值比：5.4%",0.00,300398,sz123078,有效期：-；质押代码：123078,123078；2021-06-03 开始转股,全价：180.956 最后更新：15:14:03
113525,台华转债,sh603055,台华新材,C,7.78,2021-05-28,2019-06-21,2024-12-16,2022-12-17,,,100.000,y,32.87,30,30,0,0.00,,,11.25,110.000,n,130.000,15,30,0,,N,5.330,1.854,AA,AA,无担保,,,,shmb,2021年12月28日公告：本次（2021年12月7日至2021年12月27日）不提前赎回，至2022年3月27日均不提前赎回,,113525,113525,0.9730,753055,754055,,N,N,29.060,buy,,,4.01,N,868874372.0,804671904.0,Y,16.57,5049.78,2.66%,00,buy,buy,buy,14:59:58,212.98,9.78%,2.896,-22.37%,-22.97%,233.810,233.810,0.50%,4881.05,Y,0,0,G,-,,N,-,buy,-,24-12-16,243.59,10.11,5.45,1.4%,1.3%,"转债占流动市值比：1.4%
转债占总市值比：1.3%",0.00,603055,sh113525,有效期：-；质押代码：113525,113525；2019-06-21 开始转股,全价：233.810 最后更新：14:59:58
128048,张行转债,sz002839,张家港行,C,5.60,2021-07-08,2019-05-16,2024-11-12,,,,,y,,15,30,0,0.00,,,5.38,109.000,n,130.000,15,30,0,,X,25.000,24.975,AA+,AA+,无担保,,,,szmb,,,128048,128048,1.3831,082839,072839,,N,N,28.880,buy,R,,0.86,N,1807959258.0,1718503681.0,Y,6.68,40869.11,3.73%,00,buy,buy,buy,15:14:03,119.29,9.82%,2.803,-5.42%,-6.16%,131.000,131.000,-0.38%,17718.15,Y,0,0,,-,,N,-,buy,-,24-11-12,140.82,7.28,-,21.8%,20.7%,"转债占流动市值比：21.8%
转债占总市值比：20.7%",0.00,002839,sz128048,有效期：-；质押代码：128048,128048；2019-05-16 开始转股,全价：131.000 最后更新：15:14:03
123027,蓝晓转债,sz300487,蓝晓科技,C,29.02,2021-06-24,2019-12-17,2025-06-10,2023-06-12,,,100.000,y,19.44,30,30,0,0.00,,,291.80,113.000,n,130.000,15,30,0,,N,3.400,1.070,A+,A+,无担保,,,,szcy,2021年11月1日公告：本次（2021年9月9日至2021年10月29日）不行使提前赎回权利，至2022年1月29日前均不提前赎回,,123027,123027,1.6461,380487,370487,,N,N,71.900,buy,,,11.51,N,219785441.0,128363816.0,Y,104.50,27067.71,4.50%,00,buy,buy,buy,15:14:03,360.10,10.11%,3.378,-30.48%,-31.06%,396.500,396.500,5.33%,122132.82,Y,0,0,G,-,,N,-,buy,-,25-06-10,406.61,37.73,20.31,0.8%,0.5%,"转债占流动市值比：0.8%
转债占总市值比：0.5%",0.00,300487,sz123027,有效期：-；质押代码：123027,123027；2019-12-17 开始转股,全价：396.500 最后更新：15:14:03
128093,百川转债,sz002455,百川股份,C,5.77,2021-05-27,2020-07-09,2026-01-03,2024-01-03,,,100.000,y,32.89,30,30,0,0.00,,,65.54,120.000,n,130.000,20,30,15,,X,5.200,1.614,AA-,AA-,自有资产抵押担保,,,,szmb,,,128093,128093,1.0314,082455,072455,,N,N,19.690,buy,,,3.85,N,565949304.0,450664327.0,Y,12.28,15678.24,3.19%,00,buy,buy,buy,15:14:03,212.82,10.16%,3.945,-14.43%,-15.38%,234.450,234.450,5.09%,24234.41,Y,0,0,,-,,N,-,buy,-,26-01-03,244.61,7.50,4.04,2.9%,2.3%,"转债占流动市值比：2.9%
转债占总市值比：2.3%",0.00,002455,sz128093,有效期：-；质押代码：128093,128093；2020-07-09 开始转股,全价：234.450 最后更新：15:14:03
128130,景兴转债,sz002067,景兴纸业,C,3.40,,2021-03-04,2026-08-30,2024-08-30,,,100.000,y,70.10,30,30,0,0.00,,,1.28,110.000,n,130.000,15,30,0,,X,12.800,9.987,AA,AA,无担保,,,,szmb,,,128130,128130,1.1519,082067,072067,,N,N,53.140,buy,R,,0.87,N,1193928835.0,1056303835.0,Y,3.88,4453.88,-0.26%,00,buy,buy,buy,15:14:03,114.12,10.50%,4.600,-2.06%,-2.61%,126.100,126.100,0.04%,1622.35,Y,0,0,,-,,N,-,buy,-,26-08-30,136.60,4.42,2.72,24.4%,21.6%,"转债占流动市值比：24.4%
转债占总市值比：21.6%",0.00,002067,sz128130,有效期：-；质押代码：128130,128130；2021-03-04 开始转股,全价：126.100 最后更新：15:14:03
127029,中钢转债,sz000928,中钢国际,C,5.79,2021-09-24,2021-09-27,2027-03-18,2025-03-18,,,100.000,y,50.29,30,30,0,0.00,,,45.41,113.000,n,130.000,15,30,0,,N,9.600,8.195,AA+,AA+,无,,,,szmb,2021年10月26日公告：本次（2021年9月27日至10月26日）不行使提前赎回权利，至2022年4月25日前均不提前赎回,,127029,127029,0.7639,080928,070928,,N,N,20.710,buy,R,,1.71,N,1280919103.0,1280887903.0,Y,8.06,34058.51,9.96%,00,buy,buy,buy,15:14:03,139.21,10.56%,5.148,-5.18%,-5.73%,153.900,153.900,5.89%,56775.59,Y,0,0,G,-,,N,-,buy,-,27-03-18,164.46,7.53,4.05,7.9%,7.9%,"转债占流动市值比：7.9%
转债占总市值比：7.9%",0.00,000928,sz127029,有效期：-；质押代码：127029,127029；2021-09-27 开始转股,全价：153.900 最后更新：15:14:03
128044,岭南转债,sz002717,岭南股份,C,3.43,2021-12-01,2019-02-20,2024-08-14,2022-08-14,,,100.000,y,48.12,30,30,0,0.00,,,329.35,107.000,n,130.000,15,30,2,,X,6.600,6.587,AA-,AA-,无担保,,,,szmb,,,128044,128044,0.6542,082717,072717,,N,N,40.500,buy,,,1.73,N,1684418292.0,1125742527.0,Y,4.99,49682.29,9.91%,00,buy,buy,buy,15:14:03,145.48,10.67%,2.556,-13.95%,-14.55%,161.000,161.000,7.48%,346364.70,Y,2,2,,-,,N,-,buy,-,24-08-14,171.67,4.46,2.40,11.7%,7.8%,"转债占流动市值比：11.7%
转债占总市值比：7.8%",0.00,002717,sz128044,有效期：-；质押代码：128044,128044；2019-02-20 开始转股,全价：161.000 最后更新：15:14:03
128111,中矿转债,sz002738,中矿资源,C,15.45,2022-01-06,2020-12-17,2026-06-10,2024-06-10,,,100.000,y,17.24,30,30,0,0.00,,,320.69,118.000,n,130.000,15,30,0,,N,8.000,1.447,AA-,AA-,无担保,,,,szmb,2021年1月28日公告，本次（2020年12月17日至2021年1月28日）不行使提前赎回权利不提前赎回，至2022年1月28日前均不提前赎回,,128111,128111,2.8784,082738,072738,,N,N,70.254,buy,,,5.46,N,325175572.0,296294329.0,Y,62.72,101447.11,10.00%,00,buy,buy,buy,15:14:03,405.95,10.85%,4.378,-25.84%,-26.46%,450.000,450.000,13.43%,200269.26,Y,0,0,G,-,,N,-,buy,-,26-06-10,460.85,20.09,10.81,0.8%,0.7%,"转债占流动市值比：0.8%
转债占总市值比：0.7%",0.00,002738,sz128111,有效期：-；质押代码：128111,128111；2020-12-17 开始转股,全价：450.000 最后更新：15:14:03
113025,明泰转债,sh601677,明泰铝业,C,11.00,2021-05-14,2019-10-16,2025-04-09,2023-04-10,,,100.000,y,18.61,30,30,0,0.00,,,3.33,110.000,n,130.000,15,30,4,,X,18.390,10.966,AA,AA,无担保,,,,shmb,,,113025,113025,3.1170,764677,783677,,N,N,24.000,buy,,,2.76,N,682582320.0,682436220.0,Y,41.37,23203.38,3.30%,00,buy,buy,buy,14:59:47,376.09,11.18%,3.208,-33.63%,-34.09%,418.150,418.150,2.52%,15101.93,Y,0,0,,-,,N,-,buy,-,25-04-09,429.33,14.30,7.70,3.9%,3.9%,"转债占流动市值比：3.9%
转债占总市值比：3.9%",0.00,601677,sh113025,有效期：-；质押代码：113025,113025；2019-10-16 开始转股,全价：418.150 最后更新：14:59:47
132014,18中化EB,sh601117,中国化学,E,7.39,2021-09-10,2019-04-25,2023-04-24,2022-04-24,,,100.000,y,47.29,30,30,0,1.02,2022-01-25,2022-01-25,0.40,106.000,y,130.000,15,30,0,,N,35.000,14.887,AAA,AAA,预备用于交换的中国化学股票设定为本次债券的担保物,,,,shmb,2021年8月19日公告：本次（2021年7月8日至2021年8月18日）不提前赎回，至2022年3月18日均不提前赎回,,132014,132014,,,,,Q,Q,,buy,R,,1.35,N,6109470588.0,4933000000.0,Y,10.94,44394.55,0.46%,00,buy,buy,buy,14:46:39,148.04,11.21%,1.247,-28.93%,-29.73%,163.950,164.631,-0.52%,962.29,Y,0,0,G,-,,N,-,buy,-,23-04-24,175.16,9.61,5.17,2.8%,2.2%,"转债占流动市值比：2.8%
转债占总市值比：2.2%",0.00,601117,sh132014,有效期：2022-01-25 到 2022-01-25；质押代码：132014,132014；2019-04-25 开始转股,全价：164.631 最后更新：14:46:39
128095,恩捷转债,sz002812,恩捷股份,C,64.92,2021-04-30,2020-08-17,2026-02-11,2024-02-12,,,100.000,y,17.00,30,30,0,0.00,,,7.64,110.000,n,130.000,15,30,30,,X,16.000,4.541,AA,AA,无担保,,,,szmb,,,128095,128095,1.9866,082812,072812,,N,N,77.840,buy,R,,18.54,N,892406852.0,742019744.0,Y,267.28,140574.83,-0.27%,00,buy,buy,buy,15:14:03,411.71,11.26%,4.052,-29.28%,-29.68%,458.068,458.068,-0.42%,15847.62,Y,0,0,B,-,,N,-,buy,-,26-02-11,469.33,84.40,45.44,0.2%,0.2%,"转债占流动市值比：0.2%
转债占总市值比：0.2%",0.00,002812,sz128095,有效期：-；质押代码：128095,128095；2020-08-17 开始转股,全价：458.068 最后更新：15:14:03
113601,塞力转债,sh603716,塞力医疗,C,16.98,,2021-03-01,2026-08-20,2024-08-20,,,100.000,y,61.97,30,30,0,0.00,,,56.24,115.000,n,130.000,15,30,0,,X,5.430,5.428,AA-,AA-,无担保,,,,shmb,,,113601,113601,2.7390,753716,754716,,N,N,67.160,buy,,,2.43,N,205018993.0,201323345.0,Y,19.18,7822.68,-10.00%,00,buy,buy,buy,14:59:58,112.96,11.28%,4.573,-0.88%,-1.65%,125.700,125.700,-8.01%,38642.35,Y,0,0,,-,,N,-,buy,-,26-08-20,136.98,22.07,11.89,14.1%,13.8%,"转债占流动市值比：14.1%
转债占总市值比：13.8%",0.00,603716,sh113601,有效期：-；质押代码：113601,113601；2021-03-01 开始转股,全价：125.700 最后更新：14:59:58
123070,鹏辉转债,sz300438,鹏辉能源,C,20.08,2021-08-17,2021-04-26,2026-10-19,2024-10-21,,,100.000,y,31.40,30,30,0,0.00,,,88.93,110.000,n,130.000,20,30,15,,X,8.900,5.988,AA,AA,无担保,,,,szcy,,,123070,123070,2.1380,380438,370438,,N,N,72.570,buy,,,7.32,N,433497356.0,329639518.0,Y,44.76,73972.30,7.93%,00,buy,buy,buy,15:14:03,222.91,11.30%,4.737,-15.22%,-15.66%,248.094,248.094,7.13%,130486.29,Y,0,0,,-,,N,-,buy,-,26-10-19,259.39,26.10,14.06,4.1%,3.1%,"转债占流动市值比：4.1%
转债占总市值比：3.1%",0.00,300438,sz123070,有效期：-；质押代码：123070,123070；2021-04-26 开始转股,全价：248.094 最后更新：15:14:03
113639,华正转债,sh603186,华正新材,C,39.09,,2022-07-28,2028-01-24,2026-01-23,,,100.000,y,77.98,30,30,0,0.00,,,,108.000,n,130.000,15,30,0,,X,5.700,5.700,AA+,AA-,东华立集团股份提供不可撤销的保证担保,,,,shmb,,,未到转股期,113639,4.0130,753186,754186,,N,N,,-,,,3.05,N,142025312.0,141713512.0,Y,35.09,12017.23,-5.26%,00,buy,buy,buy,,89.77,11.40%,6.000,2.01%,1.62%,100.000,100.000,0.00%,0.00,Y,0,0,,-,,N,-,buy,-,28-01-24,111.40,50.82,27.36,11.5%,11.4%,"转债占流动市值比：11.5%
转债占总市值比：11.4%",0.00,603186,sh113639,有效期：-；质押代码：113639,未到转股期；2022-07-28 开始转股,待上市
123103,震安转债,sz300767,震安科技,C,56.89,2021-06-11,2021-09-22,2027-03-11,2025-03-11,,,100.000,y,44.19,30,30,0,0.00,,,4.42,115.000,n,130.000,15,30,0,,N,2.850,2.525,A+,A+,无,,,,szcy,2021年10月21日公告：本次（2021年9月22日至2021年10月19日）不行使提前赎回权利，至2022年4月20日均不提前赎回,,123103,123103,1.9791,380767,370767,,N,N,53.950,buy,,,14.43,N,202170726.0,118282633.0,Y,90.12,7009.35,0.10%,00,buy,buy,buy,15:14:03,158.41,12.33%,5.129,-7.33%,-7.96%,177.939,177.939,0.47%,1975.96,Y,0,0,G,-,,N,-,buy,-,27-03-11,190.27,73.96,39.82,2.4%,1.4%,"转债占流动市值比：2.4%
转债占总市值比：1.4%",0.00,300767,sz123103,有效期：-；质押代码：123103,123103；2021-09-22 开始转股,全价：177.939 最后更新：15:14:03
113027,华钰转债,sh601020,ST华钰,C,10.17,,2019-12-20,2025-06-13,2023-06-14,,,100.000,y,58.30,30,30,0,0.00,,,96.67,110.000,n,130.000,15,30,0,,N,6.400,3.098,A,A,无担保,,,,shmb,2021年11月10日公告，本次（2021年10月19日至2021年11月9日）不行使提前赎回权利，至2022年4月18日均不提前赎回,,113027,113027,1.2160,764020,783020,,N,N,4.450,buy,,,2.53,N,555333979.0,555333979.0,Y,12.21,11342.57,0.66%,00,buy,buy,buy,15:00:00,120.06,12.49%,3.386,-4.90%,-5.60%,135.050,135.050,-1.43%,41064.04,Y,0,0,G,-,,N,-,buy,-,25-06-13,147.54,13.22,7.12,4.6%,4.6%,"转债占流动市值比：4.6%
转债占总市值比：4.6%",0.00,601020,sh113027,有效期：-；质押代码：113027,113027；2019-12-20 开始转股,全价：135.050 最后更新：15:00:00
123046,天铁转债,sz300587,天铁股份,C,6.73,2021-12-07,2020-09-25,2026-03-18,2024-03-18,,,100.000,y,23.80,30,30,0,0.00,,,201.01,112.000,n,130.000,15,30,0,,N,3.990,0.588,AA-,AA-,无担保,,,,szcy,2021年12月28日公告：本次（2021年12月7日至2021年12月27日）不提前赎回，至2022年6月27日均不提前赎回,,123046,123046,2.1957,380587,370587,,N,N,52.910,buy,,,7.27,N,628245517.0,478444620.0,Y,19.79,19067.85,-0.40%,00,buy,buy,buy,15:14:03,294.06,12.64%,4.148,-22.42%,-22.93%,331.234,331.234,1.82%,38383.74,Y,0,0,G,-,,N,-,buy,-,26-03-18,343.87,8.75,4.71,0.6%,0.5%,"转债占流动市值比：0.6%
转债占总市值比：0.5%",0.00,300587,sz123046,有效期：-；质押代码：123046,123046；2020-09-25 开始转股,全价：331.234 最后更新：15:14:03
123031,晶瑞转债,sz300655,晶瑞电材,C,10.13,2021-05-07,2020-03-05,2025-08-28,2023-08-28,,,100.000,y,19.77,30,30,0,0.00,,,29.71,111.000,n,130.000,15,30,0,,N,1.850,0.530,A+,A+,无担保,,,,szcy,2022年1月18日公告：本次（2021年12月28日至2022年1月18日）不提前赎回，至2022年4月18日均不提前赎回,,123031,123031,1.2217,380655,370655,,N,N,8.110,buy,,,7.83,N,340639856.0,289329418.0,Y,35.86,27373.70,0.99%,00,buy,buy,buy,15:14:03,354.00,12.98%,3.595,-29.58%,-30.05%,399.960,399.960,0.87%,6273.87,Y,0,0,G,-,,N,-,buy,-,25-08-28,412.94,13.17,7.09,0.5%,0.4%,"转债占流动市值比：0.5%
转债占总市值比：0.4%",0.00,300655,sz123031,有效期：-；质押代码：123031,123031；2020-03-05 开始转股,全价：399.960 最后更新：15:14:03
113039,嘉泽转债,sh601619,嘉泽新能,C,3.46,2021-06-11,2021-03-01,2026-08-23,2024-08-23,,,100.000,y,52.42,30,30,0,0.00,,,13.90,108.000,n,130.000,15,30,0,,N,13.000,2.885,AA,AA,无担保,,,,shmb,2022年1月6日公告：本次（2021年12月15日至2022年1月5日）不提前赎回，至2022年4月5日均不提前赎回,,113039,113039,0.6260,764619,783619,,N,N,76.530,buy,,,2.33,N,2434220009.0,2365350009.0,Y,4.62,6822.70,-1.49%,00,buy,buy,buy,14:59:51,133.53,13.00%,4.581,-6.26%,-6.71%,150.890,150.890,-1.08%,6017.72,Y,0,0,G,-,,N,-,buy,-,26-08-23,163.89,4.50,2.42,2.6%,2.6%,"转债占流动市值比：2.6%
转债占总市值比：2.6%",0.00,601619,sh113039,有效期：-；质押代码：113039,113039；2021-03-01 开始转股,全价：150.890 最后更新：14:59:51
113609,永安转债,sh603776,永安行,C,16.48,2021-06-11,2021-05-31,2026-11-23,2024-11-25,,,100.000,y,63.04,30,30,0,0.00,,,4.24,115.000,n,130.000,15,30,2,,X,8.860,7.338,AA-,AA-,无担保,,,,shmb,,,113609,113609,4.7620,753776,754776,,N,N,81.304,buy,R,,1.24,N,233447522.0,232219822.0,Y,18.30,4067.17,-0.54%,00,buy,buy,buy,14:59:43,111.04,13.03%,4.833,-0.92%,-1.63%,125.510,125.510,0.02%,3898.62,Y,0,0,,-,,N,-,buy,-,26-11-23,138.54,21.42,11.54,17.3%,17.2%,"转债占流动市值比：17.3%
转债占总市值比：17.2%",0.00,603776,sh113609,有效期：-；质押代码：113609,113609；2021-05-31 开始转股,全价：125.510 最后更新：14:59:43
123067,斯莱转债,sz300382,斯莱克,C,9.36,2021-06-30,2021-03-23,2026-09-16,2024-09-16,,,100.000,y,30.70,30,30,0,0.00,,,8.96,115.000,n,130.000,15,30,0,,N,3.880,2.400,AA-,AA-,无担保,,,,szcy,2021年11月15日公告：本次不行使提前赎回权利，至2022年2月23日均不提前赎回,,123067,123067,0.6940,380382,370382,,N,N,19.960,buy,,,10.40,N,580381337.0,580323512.0,Y,21.34,10533.02,0.71%,00,buy,buy,buy,15:14:03,227.99,13.04%,4.647,-15.29%,-15.89%,257.730,257.730,0.28%,5538.30,Y,0,0,G,-,,N,-,buy,-,26-09-16,270.77,12.17,6.55,1.9%,1.9%,"转债占流动市值比：1.9%
转债占总市值比：1.9%",0.00,300382,sz123067,有效期：-；质押代码：123067,123067；2021-03-23 开始转股,全价：257.730 最后更新：15:14:03
123136,城市转债,sz300778,新城市,C,21.18,,2022-07-27,2028-01-20,2026-01-20,,,100.000,y,79.24,30,30,0,0.00,,,,115.000,n,130.000,15,30,0,,X,4.600,4.600,AA-,AA-,无,,,,szcy,,,未到转股期,123136,3.6800,380778,370778,,N,N,89.380,-,,,2.35,N,125000000.0,57622625.0,Y,18.71,3135.66,-3.06%,00,buy,buy,buy,,88.34,13.20%,5.992,3.25%,2.63%,100.000,100.000,0.00%,0.00,Y,0,0,,-,,N,-,buy,-,28-01-20,113.20,27.53,14.83,42.7%,19.7%,"转债占流动市值比：42.7%
转债占总市值比：19.7%",0.00,300778,sz123136,有效期：-；质押代码：123136,未到转股期；2022-07-27 开始转股,待上市
123042,银河转债,sz300619,金银河,C,23.59,2021-12-10,2020-07-20,2026-01-13,2024-01-15,,,100.000,y,24.08,30,30,0,0.00,,,412.56,110.000,n,130.000,15,30,15,,X,1.670,0.975,A+,A+,无担保,,,,szcy,,,123042,123042,2.2316,380619,370619,,N,N,49.650,buy,,,10.36,N,84664538.0,59449716.0,Y,68.58,21963.48,5.41%,00,buy,buy,buy,15:14:03,290.72,13.51%,3.973,-23.66%,-24.11%,330.000,330.000,3.15%,134041.58,Y,0,0,B,-,,N,-,buy,-,26-01-13,343.51,30.67,16.51,2.4%,1.7%,"转债占流动市值比：2.4%
转债占总市值比：1.7%",0.00,300619,sz123042,有效期：-；质押代码：123042,123042；2020-07-20 开始转股,全价：330.000 最后更新：15:14:03
113537,文灿转债,sh603348,文灿股份,C,19.28,2021-06-18,2019-12-16,2025-06-09,2023-06-12,,,100.000,y,24.96,30,30,0,0.00,,,185.58,115.000,n,130.000,15,30,0,,N,8.000,1.406,AA-,AA-,无担保,,,,shmb,2021年10月27日公告：本次不行使文灿转债的提前赎回权利，至2022年4月27日前均不提前赎回,,113537,113537,3.6360,753348,754348,,N,N,18.080,buy,,,5.33,N,262148808.0,257432808.0,Y,54.06,30256.98,-2.77%,00,buy,buy,buy,14:59:56,280.39,13.62%,3.375,-25.40%,-26.11%,318.580,318.580,0.61%,81099.40,Y,0,0,G,-,,N,-,buy,-,25-06-09,332.20,25.06,13.50,1.0%,1.0%,"转债占流动市值比：1.0%
转债占总市值比：1.0%",0.00,603348,sh113537,有效期：-；质押代码：113537,113537；2019-12-16 开始转股,全价：318.580 最后更新：14:59:56
123112,万讯转债,sz300112,万讯自控,C,8.93,2021-05-28,2021-10-14,2027-04-07,2025-04-07,,,100.000,y,55.76,30,30,0,0.00,,,16.80,118.000,n,130.000,15,30,0,,N,2.457,2.454,AA-,AA-,无,,,,szcy,2021年11月27日公告：本次（2021年11月1日至2021年11月26日）不行使提前赎回权利，至2022年2月26日均不提前赎回,,123112,123112,0.8599,380112,370112,,N,N,30.520,-,,,2.79,N,285779089.0,219186741.0,Y,11.21,7290.96,-1.41%,00,buy,buy,buy,15:14:03,125.53,13.80%,5.203,-2.68%,-3.43%,142.861,142.861,-0.65%,5904.87,Y,0,0,G,-,,N,-,buy,-,27-04-07,156.66,11.61,6.25,10.0%,7.7%,"转债占流动市值比：10.0%
转债占总市值比：7.7%",0.00,300112,sz123112,有效期：-；质押代码：123112,123112；2021-10-14 开始转股,全价：142.861 最后更新：15:14:03
110079,杭银转债,sh600926,杭州银行,C,12.99,2021-08-30,2021-10-08,2027-03-29,,,,,y,,0,0,0,0.83,2022-01-25,2022-01-25,0.83,108.000,n,130.000,15,30,0,,X,150.000,149.985,AAA,AAA,无,,,,shmb,,,110079,110079,2.5290,704926,733926,,N,N,42.340,buy,R,,0.98,Y,5930255051.0,5060452059.0,Y,14.57,29675.85,-0.27%,00,buy,buy,buy,14:59:58,112.16,13.93%,5.178,-2.48%,-2.90%,127.790,127.790,0.24%,15848.32,Y,1,1,,-,,N,-,buy,-,27-03-29,141.72,16.89,-,20.3%,17.4%,"转债占流动市值比：20.3%
转债占总市值比：17.4%",0.00,600926,sh110079,有效期：2022-01-25 到 2022-01-25；质押代码：110079,110079；2021-10-08 开始转股,全价：127.790 最后更新：14:59:58
127027,靖远转债,sz000552,靖远煤电,C,3.13,2021-10-12,2021-06-16,2026-12-09,2024-12-09,,,100.000,y,58.12,30,30,0,0.00,,,4.47,110.000,n,130.000,15,30,0,,X,28.000,24.306,AA+,AA+,无担保,,,,szmb,,,127027,127027,1.2243,080552,070552,,N,N,35.200,buy,R,,1.04,N,2350879797.0,2347628690.0,Y,3.77,27400.24,-1.05%,00,buy,buy,buy,15:14:03,120.45,14.18%,4.877,-3.68%,-4.20%,137.529,137.529,-0.41%,14888.25,Y,0,0,,-,,N,-,buy,-,26-12-09,151.71,4.07,2.19,27.5%,27.4%,"转债占流动市值比：27.5%
转债占总市值比：27.4%",0.00,000552,sz127027,有效期：-；质押代码：127027,127027；2021-06-16 开始转股,全价：137.529 最后更新：15:14:03
113602,景20转债,sh603228,景旺电子,C,27.40,2021-05-12,2021-03-01,2026-08-23,2024-08-23,,,100.000,y,56.41,30,30,0,0.00,,,2.98,108.000,n,130.000,15,30,0,,X,17.800,17.798,AA,AA,无担保,,,,shmb,,,113602,113602,2.0900,753228,754228,,N,N,85.940,buy,R,,4.10,N,851672591.0,841872019.0,Y,34.00,15483.27,3.03%,00,buy,buy,buy,14:59:58,124.09,14.36%,4.581,-4.96%,-5.43%,141.910,141.910,0.99%,7504.50,Y,1,1,,-,,N,-,buy,-,26-08-23,156.27,35.62,19.18,6.2%,6.1%,"转债占流动市值比：6.2%
转债占总市值比：6.1%",0.00,603228,sh113602,有效期：-；质押代码：113602,113602；2021-03-01 开始转股,全价：141.910 最后更新：14:59:58
128100,搜特转债,sz002503,搜于特,C,1.62,2021-08-17,2020-09-18,2026-03-11,2024-03-11,,,100.000,y,73.16,30,30,0,0.00,,,5.45,112.000,n,130.000,15,30,0,,X,8.000,7.991,A,A,无担保,,,,szmb,,,128100,128100,0.2622,082503,072503,,N,N,9.330,buy,R,,2.91,N,3092868251.0,2543064601.0,Y,1.55,12123.43,-3.13%,00,buy,buy,buy,15:14:03,95.68,14.39%,4.129,1.64%,0.90%,109.450,109.450,-1.84%,4810.65,Y,2,2,,-,,N,-,buy,-,26-03-11,123.84,2.11,1.13,20.3%,16.7%,"转债占流动市值比：20.3%
转债占总市值比：16.7%",0.00,002503,sz128100,有效期：-；质押代码：128100,128100；2020-09-18 开始转股,全价：109.450 最后更新：15:14:03
128017,金禾转债,sz002597,金禾实业,C,21.97,2021-05-21,2018-08-07,2023-11-01,2021-11-01,,,100.000,y,35.66,30,30,0,0.00,,,15.94,106.000,n,130.000,15,30,15,,X,6.000,5.518,AA,AA,无担保,,,,szmb,,,128017,128017,1.0633,082597,072597,,N,N,89.139,buy,R,,4.53,N,560913735.0,559486768.0,Y,43.13,29014.86,2.69%,00,buy,buy,buy,15:14:03,196.31,14.40%,1.770,-34.23%,-34.72%,224.580,224.580,5.93%,19712.77,Y,0,0,B,-,,N,-,buy,-,23-11-01,238.98,28.56,15.38,2.3%,2.3%,"转债占流动市值比：2.3%
转债占总市值比：2.3%",0.00,002597,sz128017,有效期：-；质押代码：128017,128017；2018-08-07 开始转股,全价：224.580 最后更新：15:14:03
113016,小康转债,sh601127,小康股份,C,16.96,2021-07-05,2018-05-11,2023-11-06,2021-11-06,,,100.000,y,23.16,30,30,0,0.00,,,105.64,106.000,n,130.000,15,30,0,,N,15.000,2.069,AA-,AA-,无担保,,,,shmb,2021年4月2日公告：本次不行使提前赎回权利，不提前赎回；至2022年4月2日均不提前赎回,,113016,113016,1.6490,764127,783127,,N,N,89.391,buy,R,,9.62,N,1359932415.0,1032551463.0,Y,51.27,66423.54,2.66%,00,buy,buy,buy,14:59:59,302.30,14.46%,1.784,-,-,346.000,346.000,1.80%,75503.75,Y,1,1,G,-,,N,-,buy,-,23-11-06,360.46,22.05,11.87,0.4%,0.3%,"转债占流动市值比：0.4%
转债占总市值比：0.3%",0.00,601127,sh113016,有效期：-；质押代码：113016,113016；2018-05-11 开始转股,全价：346.000 最后更新：14:59:59
113550,常汽转债,sh603035,常熟汽饰,C,9.33,2021-05-28,2020-05-22,2025-11-17,2023-11-17,,,100.000,y,32.43,30,30,0,0.00,,,62.85,115.000,n,130.000,15,30,0,,N,9.924,2.147,AA-,AA-,无担保,,,,shmb,2021年12月3日公告：本次（2021年11月12日至2021年12月2日）不行使提前赎回权利，至2022年3月2日）均不提前赎回,,113550,113550,3.5440,753035,754035,,N,N,49.290,buy,,,1.83,N,360749112.0,360749112.0,Y,20.14,25057.77,-1.52%,00,buy,buy,buy,14:59:47,215.86,14.48%,3.816,-17.43%,-18.14%,247.130,247.130,1.26%,33275.12,Y,0,0,G,-,,N,-,buy,-,25-11-17,261.61,12.13,6.53,3.0%,3.0%,"转债占流动市值比：3.0%
转债占总市值比：3.0%",0.00,603035,sh113550,有效期：-；质押代码：113550,113550；2020-05-22 开始转股,全价：247.130 最后更新：14:59:47
111000,起帆转债,sh605222,起帆电缆,C,20.10,2021-10-29,2021-11-29,2027-05-24,2025-05-23,,,100.000,y,57.38,30,30,0,0.00,,,1.72,115.000,n,130.000,15,30,2,,X,10.000,9.996,AA-,AA-,无,,,,shmb,,,111000,111000,,715222,713222,,N,N,35.980,buy,,,2.85,N,418213213.0,100016213.0,Y,24.52,6175.54,1.57%,00,buy,buy,buy,14:59:57,121.99,14.61%,5.332,-2.80%,-3.43%,139.810,139.810,1.29%,2367.23,Y,0,0,,-,,N,-,buy,-,27-05-24,154.42,26.13,14.07,40.8%,9.7%,"转债占流动市值比：40.8%
转债占总市值比：9.7%",0.00,605222,sh111000,有效期：-；质押代码：111000,111000；2021-11-29 开始转股,全价：139.810 最后更新：14:59:57
123097,美力转债,sz300611,美力科技,C,9.28,2021-07-09,2021-08-02,2027-01-26,2025-01-27,,,100.000,y,60.71,30,30,0,0.00,,,7.09,115.000,n,130.000,15,30,5,,X,3.000,2.999,A+,A+,无,,,,szcy,,,123097,123097,1.7295,380611,370611,,N,N,57.250,buy,,,2.38,N,178963188.0,121740438.0,Y,10.70,1917.19,-2.01%,00,buy,buy,buy,15:14:03,115.30,15.07%,5.008,-1.77%,-2.48%,132.683,132.683,-0.50%,2816.69,Y,0,0,,-,,N,-,buy,-,27-01-26,147.75,12.06,6.50,23.0%,15.7%,"转债占流动市值比：23.0%
转债占总市值比：15.7%",0.00,300611,sz123097,有效期：-；质押代码：123097,123097；2021-08-02 开始转股,全价：132.683 最后更新：15:14:03
110071,湖盐转债,sh600929,雪天盐业,C,5.89,2022-01-24,2021-01-18,2026-07-09,2024-07-09,,,100.000,y,60.72,30,30,0,0.00,,,3.44,110.000,n,130.000,15,30,0,,X,7.200,7.198,AA,AA,无担保,,,,shmb,,,110071,110071,0.7840,704929,733929,,N,N,78.196,buy,R,,3.37,N,1348289795.0,917779062.0,Y,6.79,4524.92,-1.31%,00,buy,buy,buy,14:59:51,115.28,15.30%,4.458,-3.28%,-3.84%,132.920,132.920,-0.14%,3314.21,Y,0,0,,-,,N,-,buy,-,26-07-09,148.22,7.66,4.12,11.6%,7.9%,"转债占流动市值比：11.6%
转债占总市值比：7.9%",0.00,600929,sh110071,有效期：-；质押代码：110071,110071；2021-01-18 开始转股,全价：132.920 最后更新：14:59:51
128025,特一转债,sz002728,特一药业,C,13.80,2021-12-01,2018-06-12,2023-12-06,2021-12-06,,,100.000,y,61.14,30,30,0,0.00,,,44.07,106.000,n,130.000,15,30,5,,X,3.540,2.977,AA-,AA-,许丹青的股票,,,,szmb,,,128025,128025,1.7700,082728,072728,,N,N,74.250,buy,,,3.33,N,221643927.0,127186140.0,Y,15.80,15242.48,-2.05%,00,buy,buy,buy,15:14:03,114.49,15.37%,1.866,-10.52%,-11.18%,132.087,132.087,-3.95%,17562.55,Y,1,1,,-,,N,-,buy,-,23-12-06,147.46,17.94,9.66,14.8%,8.5%,"转债占流动市值比：14.8%
转债占总市值比：8.5%",0.00,002728,sz128025,有效期：-；质押代码：128025,128025；2018-06-12 开始转股,全价：132.087 最后更新：15:14:03
128040,华通转债,sz002758,浙农股份,C,10.03,2022-01-17,2018-12-21,2024-06-13,2022-06-14,,,100.000,y,62.13,30,30,0,0.00,,,6.59,108.000,n,130.000,15,30,0,,X,2.240,2.222,AA,AA,出质人钱木水、沈剑巢、朱国良将其合法拥有的公司股票作为质押资产进行质押担保，钱木水、沈剑巢、朱国良为本次发行可转债提供连带责任保证,,,,szmb,,,128040,128040,1.0666,082758,072758,,N,N,29.770,buy,,,1.71,N,500508037.0,195027600.0,Y,11.30,1863.56,0.44%,00,buy,buy,buy,15:14:03,112.66,15.44%,2.386,-6.43%,-7.22%,130.059,130.059,0.26%,1899.41,Y,0,0,,-,,N,-,buy,-,24-06-13,145.50,13.04,7.02,10.1%,3.9%,"转债占流动市值比：10.1%
转债占总市值比：3.9%",0.00,002758,sz128040,有效期：-；质押代码：128040,128040；2018-12-21 开始转股,全价：130.059 最后更新：15:14:03
127053,豪美转债,sz002988,豪美新材,C,21.51,,2022-07-28,2028-01-24,2026-01-23,,,100.000,y,80.95,30,30,0,0.00,,,,118.000,n,130.000,15,30,0,,X,8.240,8.240,AA-,AA-,无,,,,szmb,,,未到转股期,127053,3.5399,082988,072988,,N,N,,-,,,1.97,N,232770000.0,84219359.0,Y,18.60,3913.03,-10.01%,00,buy,buy,buy,,86.47,15.65%,6.000,3.72%,3.02%,100.000,100.000,0.00%,0.00,Y,0,0,,-,,N,-,buy,-,28-01-24,115.65,27.96,15.06,52.6%,19.0%,"转债占流动市值比：52.6%
转债占总市值比：19.0%",0.00,002988,sz127053,有效期：-；质押代码：127053,未到转股期；2022-07-28 开始转股,待上市
123063,大禹转债,sz300021,大禹节水,C,4.83,2021-06-16,2021-02-03,2026-07-27,2025-07-28,,,100.000,y,59.11,30,30,0,0.00,,,4.04,120.000,n,130.000,15,30,0,,X,6.380,6.346,AA-,AA-,无担保,,,,szcy,,,123063,123063,0.8100,380021,370021,,N,N,68.990,buy,,,2.78,N,801074638.0,639330960.0,Y,5.72,19581.52,-2.22%,00,buy,buy,buy,15:14:03,118.43,15.68%,4.507,-1.86%,-2.79%,137.000,137.000,-0.15%,3531.37,Y,0,0,,-,,N,-,buy,-,26-07-27,152.68,6.28,3.38,17.4%,13.8%,"转债占流动市值比：17.4%
转债占总市值比：13.8%",0.00,300021,sz123063,有效期：-；质押代码：123063,123063；2021-02-03 开始转股,全价：137.000 最后更新：15:14:03
113504,艾华转债,sh603989,艾华集团,C,20.81,2021-06-24,2018-09-08,2024-03-02,2022-03-02,,,100.000,y,41.90,30,30,0,0.00,,,2.29,106.000,n,130.000,15,30,0,,N,6.910,4.628,AA,AA,无担保,,,,shmb,2022年1月7日公告：本次（2021年12月17日至2022年1月7日）不提前赎回，至2022年4月7日均不提前赎回,,113504,113504,2.3030,753989,754989,,N,N,82.470,buy,R,,4.73,N,400813533.0,400813533.0,Y,34.77,8997.85,-3.04%,00,buy,buy,buy,14:59:59,167.08,15.86%,2.104,-24.14%,-24.70%,193.580,193.580,0.42%,2048.02,Y,1,1,G,-,,N,-,buy,-,24-03-02,209.44,27.05,14.57,3.3%,3.3%,"转债占流动市值比：3.3%
转债占总市值比：3.3%",0.00,603989,sh113504,有效期：-；质押代码：113504,113504；2018-09-08 开始转股,全价：193.580 最后更新：14:59:59
123035,利德转债,sz300296,利亚德,C,6.96,2021-05-24,2020-05-20,2025-11-13,2023-11-13,,,100.000,y,51.45,30,30,0,0.00,,,17.69,110.000,n,130.000,15,30,0,,N,8.000,7.988,AA+,AA+,无担保,,,,szcy,2021年8月6日公告：本次（自2021年7月19日至2021年8月6日）不行使提前赎回的权利，至2022年2月6日均不提前赎回,,123035,123035,0.3174,380296,370296,,N,N,53.270,buy,R,,3.14,N,2542901478.0,1988702066.0,Y,9.47,101340.54,-6.24%,00,buy,buy,buy,15:14:03,136.06,16.12%,3.805,-8.29%,-8.88%,158.001,158.001,-7.24%,22792.91,Y,0,0,G,-,,N,-,buy,-,25-11-13,174.12,9.05,4.87,4.2%,3.3%,"转债占流动市值比：4.2%
转债占总市值比：3.3%",0.00,300296,sz123035,有效期：-；质押代码：123035,123035；2020-05-20 开始转股,全价：158.001 最后更新：15:14:03
123075,贝斯转债,sz300580,贝斯特,C,23.74,2021-05-24,2021-05-06,2026-11-01,2024-11-01,,,100.000,y,53.61,30,30,0,0.00,,,10.31,110.000,n,130.000,15,30,9,,X,6.000,5.997,AA-,AA-,无担保,,,,szcy,,,123075,123075,3.0000,380580,370580,,N,N,84.750,buy,,,3.21,N,200010790.0,186527665.0,Y,31.00,8601.07,0.65%,00,buy,buy,buy,15:14:03,130.58,16.13%,4.773,-5.71%,-6.22%,151.638,151.638,1.37%,9341.19,Y,0,0,,-,,N,-,buy,-,26-11-01,167.77,30.86,16.62,10.4%,9.7%,"转债占流动市值比：10.4%
转债占总市值比：9.7%",0.00,300580,sz123075,有效期：-；质押代码：123075,123075；2021-05-06 开始转股,全价：151.638 最后更新：15:14:03
123080,海波转债,sz300517,海波重科,C,11.58,2021-06-01,2021-06-08,2026-12-01,2024-12-02,,,100.000,y,63.38,30,30,0,0.00,,,3.54,120.000,n,130.000,15,30,0,,X,2.450,2.435,A+,A+,无担保,,,,szcy,,,123080,123080,2.2955,380517,370517,,N,N,77.246,buy,,,2.69,N,192182818.0,112564498.0,Y,12.79,1282.83,-0.23%,00,buy,buy,buy,15:14:03,110.45,16.20%,4.855,-0.39%,-1.26%,128.337,128.337,-0.09%,1101.73,Y,0,0,,-,,N,-,buy,-,26-12-01,144.54,15.05,8.11,16.9%,9.9%,"转债占流动市值比：16.9%
转债占总市值比：9.9%",0.00,300517,sz123080,有效期：-；质押代码：123080,123080；2021-06-08 开始转股,全价：128.337 最后更新：15:14:03
128075,远东转债,sz002406,远东传动,C,5.29,2021-07-13,2020-03-27,2025-09-23,2023-09-25,,,100.000,y,63.73,30,30,0,0.00,,,1.02,110.000,n,130.000,15,30,0,,X,8.940,5.438,AA,AA,无担保,,,,szmb,,,128075,128075,1.5930,082406,072406,,N,N,42.076,buy,,,1.07,N,624158139.0,496148542.0,Y,5.81,1579.42,-1.36%,00,buy,buy,buy,15:14:03,109.83,16.45%,3.666,-3.07%,-3.74%,127.894,127.894,-0.86%,713.11,Y,0,0,,-,,N,-,buy,-,25-09-23,144.34,6.88,3.70,18.9%,15.0%,"转债占流动市值比：18.9%
转债占总市值比：15.0%",0.00,002406,sz128075,有效期：-；质押代码：128075,128075；2020-03-27 开始转股,全价：127.894 最后更新：15:14:03
113629,泉峰转债,sh603982,泉峰汽车,C,23.03,,2022-03-22,2027-09-13,2025-09-15,,,100.000,y,48.12,30,30,0,0.00,,,33.24,115.000,n,130.000,15,30,0,,X,6.200,6.200,AA-,AA-,无,,,,shmb,,,未到转股期,113629,3.0780,753982,754982,,N,N,36.230,buy,,,3.71,N,201415700.0,81723140.0,Y,33.50,18365.61,-1.12%,00,buy,buy,buy,14:59:59,145.46,16.46%,5.638,-5.89%,-6.47%,169.410,169.410,-0.21%,35030.52,Y,0,0,,-,,N,-,buy,-,27-09-13,185.87,29.94,16.12,22.6%,9.2%,"转债占流动市值比：22.6%
转债占总市值比：9.2%",0.00,603982,sh113629,有效期：-；质押代码：113629,未到转股期；2022-03-22 开始转股,全价：169.410 最后更新：14:59:59
110066,盛屯转债,sh600711,盛屯矿业,C,4.87,2021-07-14,2020-09-07,2026-03-02,2024-03-01,,,100.000,y,32.50,30,30,0,0.00,,,32.91,110.000,n,130.000,15,30,0,,N,23.860,3.834,AA,AA,无担保,,,,shmb,2021年12月25日公告：本次（2021年12月6日至2021年12月24日）不提前赎回，至2022年1月24日均不提前赎回,,110066,110066,1.0330,704711,733711,,N,N,33.540,buy,R,,2.32,N,2747143184.0,2605882223.0,Y,10.49,68059.32,2.34%,00,buy,buy,buy,14:59:54,215.40,16.53%,4.104,-17.61%,-18.09%,251.010,251.010,3.90%,31376.88,Y,0,0,G,-,,N,-,buy,-,26-03-02,267.54,6.33,3.41,1.4%,1.3%,"转债占流动市值比：1.4%
转债占总市值比：1.3%",0.00,600711,sh110066,有效期：-；质押代码：110066,110066；2020-09-07 开始转股,全价：251.010 最后更新：14:59:54
123084,高澜转债,sz300499,高澜股份,C,9.01,2021-09-22,2021-06-16,2026-12-09,2024-12-09,,,100.000,y,47.49,30,30,0,0.00,,,25.24,115.000,n,130.000,15,30,15,,X,2.800,2.544,A+,A+,无担保,,,,szcy,,,123084,123084,1.0061,380499,370499,,N,N,67.220,buy,,,3.95,N,280804041.0,241690999.0,Y,13.28,9147.71,1.84%,00,buy,buy,buy,15:14:03,147.39,16.56%,4.877,-7.01%,-7.68%,171.800,171.800,2.57%,10887.74,Y,1,1,B,-,,N,-,buy,-,26-12-09,188.36,11.71,6.31,7.9%,6.8%,"转债占流动市值比：7.9%
转债占总市值比：6.8%",0.00,300499,sz123084,有效期：-；质押代码：123084,123084；2021-06-16 开始转股,全价：171.800 最后更新：15:14:03
110043,无锡转债,sh600908,无锡银行,C,5.61,2021-07-06,2018-08-05,2024-01-30,,,,,y,,15,30,0,0.00,,,2.05,106.000,n,130.000,15,30,0,,X,30.000,29.214,AA+,AA+,无担保,,,,shmb,,,110043,110043,1.6230,704908,733908,,N,N,37.110,buy,,,0.73,N,1861675522.0,1763699985.0,Y,6.06,12841.08,-0.16%,00,buy,buy,buy,14:59:30,108.02,16.64%,2.016,-7.33%,-8.03%,126.000,126.000,0.29%,7554.75,Y,2,2,,-,,N,-,buy,-,24-01-30,142.64,7.29,-,27.3%,25.9%,"转债占流动市值比：27.3%
转债占总市值比：25.9%",0.00,600908,sh110043,有效期：-；质押代码：110043,110043；2018-08-05 开始转股,全价：126.000 最后更新：14:59:30
110053,苏银转债,sh600919,江苏银行,C,6.37,2021-06-18,2019-09-20,2025-03-13,,,,,y,,15,30,0,0.82,2022-01-25,2022-01-25,0.83,111.000,n,130.000,15,30,0,,X,200.000,199.993,AAA,AAA,无担保,,,,shmb,,,110053,110053,1.7320,704919,733919,,N,N,26.970,buy,R,,0.53,N,14769628784.0,14679866951.0,Y,6.83,75913.96,0.29%,00,buy,buy,buy,15:00:00,107.22,16.76%,3.134,-1.85%,-2.85%,125.190,125.190,0.15%,20846.91,Y,0,0,,-,,N,-,buy,-,25-03-13,141.95,8.28,-,19.9%,19.8%,"转债占流动市值比：19.9%
转债占总市值比：19.8%",0.00,600919,sh110053,有效期：2022-01-25 到 2022-01-25；质押代码：110053,110053；2019-09-20 开始转股,全价：125.190 最后更新：15:00:00
128121,宏川转债,sz002930,宏川智慧,C,19.89,2021-10-11,2021-01-25,2026-07-16,2024-07-16,,,100.000,y,62.89,30,30,0,0.00,,,3.84,108.000,n,130.000,15,30,9,,X,6.700,6.699,AA-,AA-,无担保,,,,szmb,,,128121,128121,1.5099,082930,072930,,N,N,77.700,buy,,,4.35,N,446826731.0,424324536.0,Y,22.14,2111.90,0.68%,00,buy,buy,buy,15:14:03,111.31,17.13%,4.477,-3.23%,-3.72%,130.385,130.385,1.00%,3334.57,Y,0,0,,-,,N,-,buy,-,26-07-16,147.51,25.86,13.92,7.1%,6.8%,"转债占流动市值比：7.1%
转债占总市值比：6.8%",0.00,002930,sz128121,有效期：-；质押代码：128121,128121；2021-01-25 开始转股,全价：130.385 最后更新：15:14:03
123071,天能转债,sz300569,天能重工,C,7.91,2021-08-02,2021-04-27,2026-10-20,2024-10-21,,,100.000,y,44.08,30,30,0,0.00,,,8.16,115.000,n,130.000,15,30,0,,N,7.000,6.943,AA-,AA-,无担保,,,,szcy,2021年10月15日公告：本次（2021年9月15日至2021年10月14日）不提前赎回，至2022年10月14日均不提前赎回,,123071,123071,1.7863,380569,370569,,N,N,70.512,buy,,,2.76,N,797386255.0,571997143.0,Y,12.56,7738.18,1.45%,00,buy,buy,buy,15:14:03,158.79,17.14%,4.740,-8.87%,-9.52%,186.000,186.000,1.47%,10496.67,Y,1,1,G,-,,N,-,buy,-,26-10-20,203.14,10.28,5.54,9.7%,6.9%,"转债占流动市值比：9.7%
转债占总市值比：6.9%",0.00,300569,sz123071,有效期：-；质押代码：123071,123071；2021-04-27 开始转股,全价：186.000 最后更新：15:14:03
113545,金能转债,sh603113,金能科技,C,10.43,2021-05-31,2020-04-20,2025-10-13,2023-10-13,,,100.000,y,49.57,30,30,0,0.00,,,0.78,110.000,n,130.000,15,30,0,,N,15.000,9.867,AA,AA,无担保,,,,shmb,2021年12月23日公告：本次（2021年12月3日至2021年12月23日）不提前赎回，至2022年3月22日均不提前赎回,,113545,113545,2.2190,753113,754113,,N,N,47.100,buy,R,,1.41,N,855071934.0,723665890.0,Y,14.73,10092.45,-0.47%,00,buy,buy,buy,14:59:58,141.23,17.33%,3.721,-9.65%,-10.24%,165.700,165.700,0.90%,1254.18,Y,0,0,G,-,,N,-,buy,-,25-10-13,183.03,13.56,7.30,9.3%,7.8%,"转债占流动市值比：9.3%
转债占总市值比：7.8%",0.00,603113,sh113545,有效期：-；质押代码：113545,113545；2020-04-20 开始转股,全价：165.700 最后更新：14:59:58
128145,日丰转债,sz002953,日丰股份,C,13.66,2021-06-02,2021-09-27,2027-03-21,2025-03-21,,,100.000,y,60.98,30,30,0,0.00,,,2.67,110.000,n,130.000,15,30,0,,X,3.800,3.797,AA-,AA-,股份质押的担保方式,,,,szmb,,,128145,128145,2.1854,082953,072953,,N,N,79.780,buy,,,3.07,N,243382760.0,74669185.0,Y,15.68,2302.49,-2.00%,00,buy,buy,buy,15:14:03,114.79,17.35%,5.156,-3.01%,-3.52%,134.700,134.700,-0.28%,1360.85,Y,0,0,,-,,N,-,buy,-,27-03-21,152.05,17.76,9.56,32.4%,9.9%,"转债占流动市值比：32.4%
转债占总市值比：9.9%",0.00,002953,sz128145,有效期：-；质押代码：128145,128145；2021-09-27 开始转股,全价：134.700 最后更新：15:14:03
128107,交科转债,sz002061,浙江交科,C,5.24,2021-07-13,2020-10-28,2026-04-22,2024-04-22,,,100.000,y,63.46,30,30,0,0.00,,,0.85,110.000,n,130.000,15,30,0,,X,25.000,24.997,AA+,AA+,无担保,,,,szmb,,,128107,128107,1.8173,082061,072061,,N,N,83.390,buy,,,0.87,N,1375702619.0,1375702619.0,Y,5.78,7496.45,-0.69%,00,buy,buy,buy,15:14:03,110.31,17.37%,4.244,-2.83%,-3.43%,129.461,129.461,-0.64%,2771.55,Y,0,0,,-,,N,-,buy,-,26-04-22,146.83,6.81,3.67,31.4%,31.4%,"转债占流动市值比：31.4%
转债占总市值比：31.4%",0.00,002061,sz128107,有效期：-；质押代码：128107,128107；2020-10-28 开始转股,全价：129.461 最后更新：15:14:03
113615,金诚转债,sh603979,金诚信,C,12.65,2021-06-09,2021-06-29,2026-12-22,2024-12-23,,,100.000,y,41.15,30,30,0,0.00,,,2.52,112.000,n,130.000,15,30,0,,N,10.000,8.664,AA,AA,无担保,,,,shmb,2021年11月24日公告：本次（2021年11月4日至2021年11月24日）不行使提前赎回权利，至2022年5月24日均不提前赎回,,113615,113615,1.7320,753979,754979,,N,N,71.880,buy,,,2.48,N,593966469.0,593966469.0,Y,21.52,12342.67,-2.05%,00,buy,buy,buy,14:59:53,170.12,17.58%,4.912,-10.51%,-11.03%,200.030,200.030,-0.43%,4359.10,Y,0,0,G,-,,N,-,buy,-,26-12-22,217.61,16.45,8.86,6.8%,6.8%,"转债占流动市值比：6.8%
转债占总市值比：6.8%",0.00,603979,sh113615,有效期：-；质押代码：113615,113615；2021-06-29 开始转股,全价：200.030 最后更新：14:59:53
110077,洪城转债,sh600461,洪城环境,C,6.71,2021-07-09,2021-05-26,2026-11-19,2024-11-19,,,100.000,y,59.23,30,30,0,0.00,,,3.20,110.000,n,130.000,15,30,1,,X,18.000,17.678,AA+,AA+,无担保,,,,shmb,,,110077,110077,1.8980,704461,733461,,N,N,81.140,buy,,,1.32,N,952834715.0,917719970.0,Y,7.93,5018.50,-0.75%,00,buy,buy,buy,14:59:39,118.18,17.62%,4.822,-4.20%,-4.67%,139.010,139.010,-0.88%,7826.10,Y,0,0,,-,,N,-,buy,-,26-11-19,156.63,8.72,4.70,24.3%,23.4%,"转债占流动市值比：24.3%
转债占总市值比：23.4%",0.00,600461,sh110077,有效期：-；质押代码：110077,110077；2021-05-26 开始转股,全价：139.010 最后更新：14:59:39
128143,锋龙转债,sz002931,锋龙股份,C,12.73,2021-06-08,2021-07-14,2027-01-07,2025-01-07,,,100.000,y,62.84,30,30,0,0.00,,,3.07,115.000,n,130.000,15,30,0,,X,2.450,2.444,A+,A+,股票质押担保,,,,szmb,,,128143,128143,1.7228,082931,072931,,N,N,80.170,buy,,,4.05,N,199140144.0,178663130.0,Y,14.18,2654.56,1.00%,00,buy,buy,buy,15:14:03,111.39,17.71%,4.956,-1.61%,-2.32%,131.116,131.116,1.21%,980.63,Y,0,0,,-,,N,-,buy,-,27-01-07,148.83,16.55,8.91,9.6%,8.7%,"转债占流动市值比：9.6%
转债占总市值比：8.7%",0.00,002931,sz128143,有效期：-；质押代码：128143,128143；2021-07-14 开始转股,全价：131.116 最后更新：15:14:03
123105,拓尔转债,sz300229,拓尔思,C,9.96,2021-08-12,2021-09-27,2027-03-18,2025-03-18,,,100.000,y,58.44,30,30,0,0.00,,,1.90,115.000,n,130.000,15,30,0,,X,8.000,7.999,AA-,AA-,无,,,,szcy,,,123105,123105,1.1157,380229,370229,,N,N,57.500,buy,,,3.53,N,714757283.0,713331742.0,Y,11.93,21049.92,1.88%,00,buy,buy,buy,15:14:03,119.78,17.72%,5.148,-2.97%,-3.64%,141.000,141.000,1.36%,2134.43,Y,0,0,,-,,N,-,buy,-,27-03-18,158.72,12.95,6.97,9.4%,9.4%,"转债占流动市值比：9.4%
转债占总市值比：9.4%",0.00,300229,sz123105,有效期：-；质押代码：123105,123105；2021-09-27 开始转股,全价：141.000 最后更新：15:14:03
110061,川投转债,sh600674,川投能源,C,9.20,2021-07-15,2020-05-15,2025-11-10,2023-11-10,,,100.000,y,55.76,30,30,0,0.97,2022-01-25,2022-01-25,0.29,106.000,n,130.000,15,30,0,,N,40.000,39.616,AAA,AAA,无担保,,,,shmb,2021年9月28日公告：本次（2021年9月6日至2021年9月28日）期间不行使提前赎回权利，至2022年9月28日均不提前赎回,,110061,110061,0.9080,704674,733674,,N,N,81.590,buy,R,,1.62,N,4406155440.0,4406155440.0,Y,11.55,6848.10,-0.26%,00,buy,buy,buy,14:59:03,125.54,18.17%,3.797,-7.64%,-8.08%,148.360,148.360,0.49%,1705.29,Y,0,0,G,-,,N,-,buy,-,25-11-10,166.53,11.96,6.44,7.8%,7.8%,"转债占流动市值比：7.8%
转债占总市值比：7.8%",0.00,600674,sh110061,有效期：2022-01-25 到 2022-01-25；质押代码：110061,110061；2020-05-15 开始转股,全价：148.360 最后更新：14:59:03
123022,长信转债,sz300088,长信科技,C,6.05,2021-06-17,2019-09-23,2025-03-18,2023-03-18,,,100.000,y,36.70,30,30,0,0.00,,,44.60,110.000,n,130.000,15,30,22,,X,12.300,2.564,AA,AA,无担保,,,,szcy,,,123022,123022,0.5350,380088,370088,,N,N,42.700,buy,R,,3.74,N,2454887088.0,2442659856.0,Y,11.54,62611.07,1.76%,00,buy,buy,buy,15:14:03,190.74,18.33%,3.148,-19.75%,-20.34%,225.699,225.699,3.48%,25572.57,Y,0,0,B,-,,N,-,buy,-,25-03-18,244.03,7.87,4.24,0.9%,0.9%,"转债占流动市值比：0.9%
转债占总市值比：0.9%",0.00,300088,sz123022,有效期：-；质押代码：123022,123022；2019-09-23 开始转股,全价：225.699 最后更新：15:14:03
123127,耐普转债,sz300818,耐普矿机,C,37.00,,2022-05-04,2027-10-28,2025-10-28,,,100.000,y,62.71,30,30,0,0.00,,,19.39,110.000,n,130.000,15,30,0,,X,4.000,4.000,A+,A+,无,,,,szcy,,,未到转股期,123127,5.7870,380818,370818,,N,N,22.780,-,,,3.07,N,70000000.0,31453000.0,Y,41.30,7001.63,0.36%,00,buy,buy,buy,15:14:03,111.62,18.42%,5.762,-2.25%,-2.73%,132.177,132.177,0.43%,10237.20,Y,0,0,,-,,N,-,buy,-,27-10-28,150.60,48.10,25.90,30.8%,13.8%,"转债占流动市值比：30.8%
转债占总市值比：13.8%",0.00,300818,sz123127,有效期：-；质押代码：123127,未到转股期；2022-05-04 开始转股,全价：132.177 最后更新：15:14:03
113051,节能转债,sh601016,节能风电,C,4.05,,2021-12-27,2027-06-21,2025-06-20,,,100.000,y,52.79,30,30,0,0.00,,,3.39,110.000,n,130.000,15,30,0,,N,30.000,29.994,AA+,AA+,无担保,,,,shmb,2022年1月18日公告：本次（2021年12月27日至2022年1月17日）不提前赎回，至2023年1月17日均不提前赎回,,113051,113051,0.5980,764016,783016,,N,N,63.210,buy,R,,2.53,N,5012803683.0,4480613364.0,Y,5.37,32678.95,-1.47%,00,buy,buy,buy,14:59:57,132.59,18.47%,5.408,-5.76%,-6.19%,157.080,157.080,0.05%,15874.15,Y,0,0,G,-,,N,-,buy,-,27-06-21,175.55,5.26,2.83,12.5%,11.1%,"转债占流动市值比：12.5%
转债占总市值比：11.1%",0.00,601016,sh113051,有效期：-；质押代码：113051,113051；2021-12-27 开始转股,全价：157.080 最后更新：14:59:57
113579,健友转债,sh603707,健友股份,C,32.20,2021-07-15,2020-10-29,2026-04-22,2024-04-22,,,100.000,y,60.27,30,30,0,0.00,,,1.33,109.000,n,130.000,15,30,1,,X,5.030,5.023,AA,AA,无担保,,,,shmb,,,113579,113579,0.7000,753707,754707,,N,N,89.020,buy,R,,10.46,N,1243600220.0,1240854555.0,Y,37.40,6948.05,0.97%,00,buy,buy,buy,14:59:57,116.15,18.50%,4.244,-4.45%,-5.00%,137.640,137.640,0.65%,917.38,Y,0,0,,-,,N,-,buy,-,26-04-22,156.14,41.86,22.54,1.1%,1.1%,"转债占流动市值比：1.1%
转债占总市值比：1.1%",0.00,603707,sh113579,有效期：-；质押代码：113579,113579；2020-10-29 开始转股,全价：137.640 最后更新：14:59:57
123100,朗科转债,sz300543,朗科智能,C,11.61,2021-05-26,2021-08-23,2027-02-08,2025-02-10,,,100.000,y,61.57,30,30,0,0.00,,,2.81,112.000,n,130.000,15,30,4,,X,3.800,3.799,AA-,AA-,无,,,,szcy,,,123100,123100,1.8421,380543,380543,,N,N,12.940,buy,,,3.38,N,268174890.0,199696919.0,Y,13.20,2202.23,0.15%,00,buy,buy,buy,15:14:03,113.70,18.65%,5.044,-2.75%,-3.34%,134.899,134.899,0.97%,1431.24,Y,0,0,,-,,N,-,buy,-,27-02-08,153.55,15.09,8.13,14.4%,10.7%,"转债占流动市值比：14.4%
转债占总市值比：10.7%",0.00,300543,sz123100,有效期：-；质押代码：123100,123100；2021-08-23 开始转股,全价：134.899 最后更新：15:14:03
123054,思特转债,sz300608,思特奇,C,12.63,2021-05-26,2020-12-16,2026-06-09,2024-06-10,,,100.000,y,57.19,30,30,0,0.00,,,137.70,115.000,n,130.000,15,30,2,,X,2.710,2.074,AA-,AA-,无担保,,,,szcy,,,123054,123054,1.7214,380608,370608,,N,N,69.580,-,,,3.75,N,209910067.0,163171064.0,Y,15.46,27174.09,-2.15%,00,buy,buy,buy,15:14:03,122.41,18.89%,4.375,-4.19%,-4.96%,145.530,145.530,0.28%,42065.99,Y,0,0,,-,,N,-,buy,-,26-06-09,164.42,16.42,8.84,8.2%,6.4%,"转债占流动市值比：8.2%
转债占总市值比：6.4%",0.00,300608,sz123054,有效期：-；质押代码：123054,123054；2020-12-16 开始转股,全价：145.530 最后更新：15:14:03
118002,天合转债,sh688599,天合光能,C,50.51,,2022-02-21,2027-08-12,2025-08-12,,,100.000,y,50.20,30,30,0,0.00,,,5.50,115.000,n,130.000,15,30,0,,X,52.520,52.520,AA,AA,无,,,,shkc,,,未到转股期,118002,2.5400,726599,718599,,N,N,63.350,buy,R,,8.91,N,2073667807.0,1219295285.0,Y,70.43,118262.34,5.01%,00,buy,buy,buy,14:59:59,139.44,18.95%,5.551,-5.74%,-6.30%,165.860,165.860,4.75%,47136.28,Y,0,0,,-,,N,-,buy,-,27-08-12,184.81,65.66,35.36,6.1%,3.6%,"转债占流动市值比：6.1%
转债占总市值比：3.6%",0.00,688599,sh118002,有效期：-；质押代码：118002,未到转股期；2022-02-21 开始转股,全价：165.860 最后更新：14:59:59
128087,孚日转债,sz002083,孚日股份,C,4.50,2021-04-28,2020-06-23,2025-12-17,2023-12-18,,,100.000,y,66.18,30,30,0,0.00,,,2.79,108.000,n,130.000,15,30,0,,X,6.500,6.497,AA-,AA-,无担保,,,,szmb,,,128087,128087,0.7403,082083,072083,,N,N,47.200,buy,,,1.15,N,908053353.0,905440652.0,Y,4.76,5618.71,-0.83%,00,buy,buy,buy,15:14:03,105.78,19.12%,3.899,-2.96%,-3.51%,126.000,126.000,-0.32%,2274.02,Y,1,1,,-,,N,-,buy,-,25-12-17,145.12,5.85,3.15,15.1%,15.0%,"转债占流动市值比：15.1%
转债占总市值比：15.0%",0.00,002083,sz128087,有效期：-；质押代码：128087,128087；2020-06-23 开始转股,全价：126.000 最后更新：15:14:03
123060,苏试转债,sz300416,苏试试验,C,19.05,2022-01-11,2021-01-27,2026-07-20,2024-07-22,,,100.000,y,43.37,30,30,0,0.00,,,4.16,112.000,n,130.000,15,30,0,,N,3.100,3.097,AA-,AA-,无担保,,,,szcy,2021年11月5日公告：本次（2021年10月18日至2021年11月5日）不行使提前赎回权利，至2022年5月5日均不提前赎回,,123060,123060,1.5243,380416,370416,,N,N,75.120,buy,,,8.18,N,284582225.0,261781906.0,Y,30.75,7542.45,-1.95%,00,buy,buy,buy,15:14:03,161.42,19.31%,4.488,-10.66%,-11.22%,192.594,192.594,0.64%,2482.11,Y,0,0,G,-,,N,-,buy,-,26-07-20,211.90,24.77,13.34,3.8%,3.5%,"转债占流动市值比：3.8%
转债占总市值比：3.5%",0.00,300416,sz123060,有效期：-；质押代码：123060,123060；2021-01-27 开始转股,全价：192.594 最后更新：15:14:03
110038,济川转债,sh600566,济川药业,C,23.40,2021-05-26,2018-05-17,2022-11-12,2020-11-13,,,100.000,y,45.17,30,30,0,0.00,,,12.22,100.000,y,125.000,15,30,2,,X,8.430,6.302,AA,AA,无担保,,,,shmb,,,110038,110038,1.0410,704566,733566,,N,N,15.921,buy,R,,2.65,N,888273021.0,888273021.0,Y,25.90,35361.57,-1.52%,00,buy,buy,buy,15:00:00,110.68,19.39%,0.800,-24.73%,-25.87%,132.150,132.150,-4.40%,10406.16,Y,1,1,,-,,N,-,buy,-,22-11-12,151.54,29.25,11.70,2.7%,2.7%,"转债占流动市值比：2.7%
转债占总市值比：2.7%",0.00,600566,sh110038,有效期：-；质押代码：110038,110038；2018-05-17 开始转股,全价：132.150 最后更新：15:00:00
113011,光大转债,sh601818,光大银行,C,3.55,2021-07-21,2017-09-18,2023-03-17,,,,,n,,0,0,0,0.75,2022-01-25,2022-01-25,0.88,105.000,n,130.000,15,30,0,,X,300.000,241.980,AAA,AAA,无担保,,,,shmb,,,113011,113011,0.7530,764818,783818,4,N,N,,buy,R,,0.39,Y,54031918195.0,41353182695.0,Y,3.41,31730.74,-0.29%,00,buy,buy,buy,14:59:59,96.06,19.39%,1.142,-6.13%,-7.17%,114.680,114.680,-0.28%,24574.97,Y,0,0,,-,,N,-,buy,-,23-03-17,134.07,4.62,-,17.2%,13.1%,"转债占流动市值比：17.2%
转债占总市值比：13.1%",0.00,601818,sh113011,有效期：2022-01-25 到 2022-01-25；质押代码：113011,113011；2017-09-18 开始转股,全价：114.680 最后更新：14:59:59
123057,美联转债,sz300586,美联新材,C,9.50,2021-07-12,2021-01-07,2026-06-30,2024-07-01,,,100.000,y,60.84,30,30,0,0.00,,,13.53,112.000,n,130.000,15,30,0,,N,2.070,2.066,AA-,AA-,无担保,,,,szcy,2021年12月13日公告：本次（2021年11月19日至2021年12月13日）不提前赎回，至2022年6月13日均提前赎回,,123057,123057,0.4533,380586,370586,,N,N,82.410,buy,,,4.67,N,524473683.0,346950508.0,Y,10.93,6992.79,1.11%,00,buy,buy,buy,15:14:03,115.05,19.60%,4.433,-3.52%,-4.18%,137.600,137.600,0.29%,3831.38,Y,0,0,G,-,,N,-,buy,-,26-06-30,157.20,12.35,6.65,5.4%,3.6%,"转债占流动市值比：5.4%
转债占总市值比：3.6%",0.00,300586,sz123057,有效期：-；质押代码：123057,123057；2021-01-07 开始转股,全价：137.600 最后更新：15:14:03
123110,九典转债,sz300705,九典制药,C,26.44,2021-05-19,2021-10-08,2027-03-31,2025-03-31,,,100.000,y,62.63,30,30,0,0.00,,,8.70,115.000,n,130.000,15,30,4,,X,2.700,2.698,A+,A+,无,,,,szcy,,,123110,123110,1.1505,380705,370705,,N,N,44.270,buy,,,6.52,N,234687298.0,142890383.0,Y,29.55,7372.63,-1.17%,00,buy,buy,buy,15:14:03,111.76,19.90%,5.184,-1.93%,-2.61%,134.000,134.000,-1.11%,3141.79,Y,0,0,,-,,N,-,buy,-,27-03-31,153.90,34.37,18.51,6.4%,3.9%,"转债占流动市值比：6.4%
转债占总市值比：3.9%",0.00,300705,sz123110,有效期：-；质押代码：123110,123110；2021-10-08 开始转股,全价：134.000 最后更新：15:14:03
118000,嘉元转债,sh688388,嘉元科技,C,78.74,2021-05-06,2021-09-01,2027-02-22,2025-02-24,,,100.000,y,43.40,30,30,0,0.00,,,10.11,115.000,n,130.000,15,30,0,,N,12.400,9.789,AA-,AA-,无,,,,shkc,2022年1月18日公告：本次（2021年12月25日至2022年1月17日）不提前赎回，至2022年7月18日均不提前赎回,,118000,118000,5.3700,726388,718388,,N,N,70.922,buy,R,,9.34,N,234191983.0,170867583.0,Y,126.99,70596.20,1.68%,00,buy,buy,buy,14:59:57,161.28,20.05%,5.082,-8.99%,-9.61%,193.620,193.620,3.03%,18756.79,Y,0,0,G,-,,N,-,buy,-,27-02-22,213.67,102.36,55.12,4.5%,3.3%,"转债占流动市值比：4.5%
转债占总市值比：3.3%",0.00,688388,sh118000,有效期：-；质押代码：118000,118000；2021-09-01 开始转股,全价：193.620 最后更新：14:59:57
113570,百达转债,sh603331,百达精工,C,11.34,2021-06-30,2020-09-17,2026-03-10,2024-03-11,,,100.000,y,66.59,30,30,0,0.00,,,3.01,110.000,n,130.000,15,30,0,,X,2.800,2.799,A+,A+,股份质押的担保,,,,shmb,,,113570,113570,2.1800,753331,754331,,N,N,46.370,buy,,,2.43,N,178159917.0,175419917.0,Y,11.92,923.97,-2.21%,00,buy,buy,buy,14:59:39,105.11,20.35%,4.126,-2.35%,-2.98%,126.510,126.510,-1.30%,1070.18,Y,0,0,,-,,N,-,buy,-,26-03-10,146.86,14.74,7.94,13.4%,13.2%,"转债占流动市值比：13.4%
转债占总市值比：13.2%",0.00,603331,sh113570,有效期：-；质押代码：113570,113570；2020-09-17 开始转股,全价：126.510 最后更新：14:59:39
128076,金轮转债,sz002722,金轮股份,C,14.66,2021-05-31,2020-04-20,2025-10-14,2023-10-13,,,100.000,y,65.95,30,30,0,0.00,,,8.02,110.000,n,130.000,15,30,0,,X,2.140,2.138,AA-,AA-,无担保,,,,szmb,,,128076,128076,1.2196,082722,072722,,N,N,37.890,buy,,,1.36,N,175478558.0,175462283.0,Y,15.56,1990.95,1.10%,00,buy,buy,buy,15:14:03,106.14,20.78%,3.723,-3.09%,-3.75%,128.200,128.200,0.68%,2197.30,Y,0,0,,-,,N,-,buy,-,25-10-14,148.98,19.06,10.26,7.8%,7.8%,"转债占流动市值比：7.8%
转债占总市值比：7.8%",0.00,002722,sz128076,有效期：-；质押代码：128076,128076；2020-04-20 开始转股,全价：128.200 最后更新：15:14:03
127028,英特转债,sz000411,英特集团,C,13.22,2021-12-24,2021-07-12,2027-01-04,2025-01-06,,,100.000,y,67.35,30,30,0,0.00,,,5.45,108.000,n,130.000,15,30,0,,X,6.000,5.989,AA+,AA+,无担保,,,,szmb,,,127028,127028,2.4102,080411,070411,,N,N,52.150,buy,,,1.86,N,255376150.0,207422211.0,Y,13.74,5492.85,-3.58%,00,buy,buy,buy,15:14:03,103.93,21.09%,4.948,-2.23%,-2.68%,125.850,125.850,-0.91%,4101.33,Y,1,1,,-,,N,-,buy,-,27-01-04,146.94,17.19,9.25,21.0%,17.1%,"转债占流动市值比：21.0%
转债占总市值比：17.1%",0.00,000411,sz127028,有效期：-；质押代码：127028,127028；2021-07-12 开始转股,全价：125.850 最后更新：15:14:03
113610,灵康转债,sh603669,灵康药业,C,8.61,2021-05-31,2021-06-07,2026-11-30,2024-11-29,,,100.000,y,69.04,30,30,0,0.00,,,3.03,115.000,n,130.000,15,30,0,,X,5.250,4.580,AA-,AA-,控股股东灵康控股保证的担保方式,,,,shmb,,,113610,113610,0.7350,753669,754669,,N,N,78.680,buy,,,4.28,N,721227382.0,721227382.0,Y,8.73,1830.25,0.11%,00,buy,buy,buy,14:58:27,101.39,21.11%,4.852,-0.36%,-1.09%,122.800,122.800,0.57%,1711.23,Y,0,0,,-,,N,-,buy,-,26-11-30,143.91,11.19,6.03,7.3%,7.3%,"转债占流动市值比：7.3%
转债占总市值比：7.3%",0.00,603669,sh113610,有效期：-；质押代码：113610,113610；2021-06-07 开始转股,全价：122.800 最后更新：14:58:27
123109,昌红转债,sz300151,昌红科技,C,28.06,2021-06-02,2021-10-08,2027-03-31,2025-03-31,,,100.000,y,61.48,30,30,0,0.00,,,3.69,115.000,n,130.000,15,30,0,,N,4.600,4.596,AA-,AA-,无,,,,szcy,2021年11月30日公告：本次（2021年11月1日至2021年11月29日）不行使提前赎回权利，至2022年5月27日均不提前赎回,,123109,123109,0.9263,380151,370151,,N,N,29.800,buy,,,14.30,N,502506221.0,315770871.0,Y,31.95,15438.45,-1.81%,00,buy,buy,buy,15:14:03,113.86,21.20%,5.184,-2.55%,-3.22%,138.000,138.000,0.58%,2313.07,Y,0,0,G,-,,N,-,buy,-,27-03-31,159.20,36.48,19.64,4.6%,2.9%,"转债占流动市值比：4.6%
转债占总市值比：2.9%",0.00,300151,sz123109,有效期：-；质押代码：123109,123109；2021-10-08 开始转股,全价：138.000 最后更新：15:14:03
113577,春秋转债,sh603890,春秋电子,C,10.85,2021-09-03,2020-10-20,2026-04-13,2024-04-15,,,100.000,y,54.76,30,30,0,0.00,,,52.06,112.000,n,130.000,15,30,2,,X,2.400,1.777,AA-,AA-,股份质押担保和保证,,,,shmb,,,113577,113577,0.8750,753890,754890,,N,N,71.240,buy,R,,2.43,N,439175264.0,387107945.0,Y,13.87,15567.56,2.97%,00,buy,buy,buy,14:59:51,127.83,21.24%,4.219,-6.45%,-7.11%,154.980,154.980,3.18%,14368.11,Y,0,0,,-,,N,-,buy,-,26-04-13,176.22,14.11,7.59,3.3%,2.9%,"转债占流动市值比：3.3%
转债占总市值比：2.9%",0.00,603890,sh113577,有效期：-；质押代码：113577,113577；2020-10-20 开始转股,全价：154.980 最后更新：14:59:51
127038,国微转债,sz002049,紫光国微,C,137.78,,2021-12-17,2027-06-09,2025-06-09,,,100.000,y,42.64,30,30,0,0.00,,,6.46,110.000,n,130.000,15,30,0,,N,15.000,14.948,AA+,AA+,无,,,,szmb,2022年1月8日公告：本次（2021年12月17日至2022年1月7日）不提前赎回，至 2022年7月7日均不提前赎回,,127038,127038,2.4719,082049,072049,,N,N,46.570,buy,R,,20.34,N,606837179.0,606837179.0,Y,226.19,133403.82,4.29%,00,buy,buy,buy,15:14:03,164.17,21.37%,5.375,-9.92%,-10.33%,199.253,199.253,2.60%,19291.01,Y,0,0,G,-,,N,-,buy,-,27-06-09,220.62,179.11,96.45,1.1%,1.1%,"转债占流动市值比：1.1%
转债占总市值比：1.1%",0.00,002049,sz127038,有效期：-；质押代码：127038,127038；2021-12-17 开始转股,全价：199.253 最后更新：15:14:03
128120,联诚转债,sz002921,联诚精密,C,18.44,2021-05-11,2021-01-25,2026-07-16,2024-07-16,,,100.000,y,68.40,30,30,0,0.00,,,3.96,112.000,n,130.000,15,30,0,,X,2.600,2.600,A,A,实际控制人提供股票质押担保和保证担保,,,,szmb,,,128120,128120,3.1862,082921,072921,,N,N,69.810,buy,,,2.26,N,106080816.0,81816321.0,Y,18.87,2134.17,1.62%,00,buy,buy,buy,15:14:03,102.33,21.45%,4.477,-1.20%,-1.88%,124.281,124.281,0.12%,1283.46,Y,0,0,,-,,N,-,buy,-,26-07-16,145.73,23.97,12.91,16.8%,13.0%,"转债占流动市值比：16.8%
转债占总市值比：13.0%",0.00,002921,sz128120,有效期：-；质押代码：128120,128120；2021-01-25 开始转股,全价：124.281 最后更新：15:14:03
128029,太阳转债,sz002078,太阳纸业,C,8.45,2021-07-08,2018-06-28,2022-12-22,2020-12-22,,,100.000,y,50.21,30,30,0,0.00,,,0.95,106.000,n,130.000,15,30,0,,N,12.000,9.086,AA+,AA+,无担保,,,,szmb,2022年1月1日公告：本次不提前赎回，至存续期结束前（即2022年12月22日前）均不行使提前赎回权利,,128029,128029,0.4628,082078,072078,,N,N,73.570,buy,R,,1.65,N,2687002843.0,2612712093.0,Y,11.78,20359.00,-1.83%,00,buy,buy,buy,15:14:03,139.41,21.87%,0.910,-41.33%,-42.10%,169.894,169.894,-0.65%,1456.19,Y,0,0,G,-,,N,-,buy,-,22-12-22,191.76,10.98,5.92,3.0%,2.9%,"转债占流动市值比：3.0%
转债占总市值比：2.9%",0.00,002078,sz128029,有效期：-；质押代码：128029,128029；2018-06-28 开始转股,全价：169.894 最后更新：15:14:03
128141,旺能转债,sz002034,旺能环境,C,15.97,2021-05-31,2021-06-23,2026-12-16,2024-12-16,,,100.000,y,59.62,30,30,0,0.00,,,1.11,110.000,n,130.000,15,30,0,,X,14.000,12.702,AA,AA,无担保,,,,szmb,,,128141,128141,3.3225,082034,072034,,N,N,69.760,buy,,,1.55,N,429491129.0,426240243.0,Y,18.75,7248.26,-0.90%,00,buy,buy,buy,15:14:03,117.41,21.88%,4.896,-4.47%,-4.97%,143.100,143.100,0.14%,1994.64,Y,0,0,,-,,N,-,buy,-,26-12-16,164.98,20.76,11.18,15.9%,15.8%,"转债占流动市值比：15.9%
转债占总市值比：15.8%",0.00,002034,sz128141,有效期：-；质押代码：128141,128141；2021-06-23 开始转股,全价：143.100 最后更新：15:14:03
113044,大秦转债,sh601006,大秦铁路,C,7.18,2021-07-08,2021-06-18,2026-12-13,2024-12-13,,,100.000,y,76.50,30,30,0,0.73,2022-01-25,2022-01-25,0.41,108.000,n,120.000,15,30,0,,X,320.000,319.992,AAA,AAA,无担保,,,,shmb,,,113044,113044,2.1520,764006,783006,,N,N,72.460,buy,R,,0.79,N,14866908025.0,14866908025.0,Y,6.57,23294.30,-1.20%,00,buy,buy,buy,14:59:59,91.50,21.91%,4.888,0.44%,-0.08%,111.550,111.550,0.01%,14518.96,Y,0,0,,-,,N,-,buy,-,26-12-13,133.46,8.62,5.03,32.8%,32.8%,"转债占流动市值比：32.8%
转债占总市值比：32.8%",0.00,601006,sh113044,有效期：2022-01-25 到 2022-01-25；质押代码：113044,113044；2021-06-18 开始转股,全价：111.550 最后更新：14:59:59
113048,晶科转债,sh601778,晶科科技,C,5.46,2021-10-27,2021-10-29,2027-04-22,2025-04-22,,,100.000,y,53.76,30,30,0,0.00,,,2.54,112.000,n,130.000,15,30,0,,N,30.000,22.968,AA,AA,无,,,,shmb,2021年11月19日公告：本次（2021年10月29日至2021年11月18日）不行使提前赎回权利，至2022年5月18日均不提前赎回,,113048,113048,1.0840,764778,783778,,N,N,37.350,buy,,,1.74,N,2894294611.0,2040894611.0,Y,7.11,23337.67,-0.14%,00,buy,buy,buy,14:59:58,130.22,22.16%,5.244,-5.77%,-6.29%,159.080,159.080,0.25%,9287.77,Y,1,1,G,-,,N,-,buy,-,27-04-22,181.24,7.10,3.82,15.8%,11.2%,"转债占流动市值比：15.8%
转债占总市值比：11.2%",0.00,601778,sh113048,有效期：-；质押代码：113048,113048；2021-10-29 开始转股,全价：159.080 最后更新：14:59:58
123050,聚飞转债,sz300303,聚飞光电,C,5.08,2021-06-30,2020-10-20,2026-04-13,2024-04-15,,,100.000,y,60.79,30,30,0,0.00,,,1.62,118.000,n,130.000,15,30,0,,X,7.050,3.746,AA-,AA-,无担保,,,,szcy,,,123050,123050,0.5513,380303,370303,,N,N,43.220,buy,,,2.78,N,1342588701.0,1223105685.0,Y,5.85,7046.10,0.69%,00,buy,buy,buy,15:14:03,115.16,22.35%,4.219,-3.09%,-3.99%,140.900,140.900,0.29%,852.98,Y,0,0,,-,,N,-,buy,-,26-04-13,163.25,6.60,3.56,5.2%,4.8%,"转债占流动市值比：5.2%
转债占总市值比：4.8%",0.00,300303,sz123050,有效期：-；质押代码：123050,123050；2020-10-20 开始转股,全价：140.900 最后更新：15:14:03
113527,维格转债,sh603518,锦泓集团,C,9.85,2020-08-05,2019-07-30,2025-01-23,2023-01-23,,,100.000,y,63.08,30,30,0,0.00,,,9.94,115.000,n,130.000,15,30,1,,X,7.460,2.864,AA,AA,无担保,,,,shmb,,,113527,113527,4.1310,753518,754518,,N,N,4.910,buy,,,1.31,N,296628771.0,296628771.0,Y,10.93,3362.01,0.00%,00,buy,buy,buy,14:59:55,110.96,22.46%,3.000,-4.52%,-5.53%,135.890,135.890,-0.64%,3871.43,Y,1,1,,-,,N,-,buy,-,25-01-23,158.35,12.80,6.89,8.8%,8.8%,"转债占流动市值比：8.8%
转债占总市值比：8.8%",0.00,603518,sh113527,有效期：-；质押代码：113527,113527；2019-07-30 开始转股,全价：135.890 最后更新：14:59:55
128097,奥佳转债,sz002614,奥佳华,C,10.39,2021-04-30,2020-09-02,2026-02-25,2024-02-26,,,100.000,y,60.36,30,30,0,0.00,,,1.11,110.000,n,130.000,15,30,1,,X,12.000,4.586,AA-,AA-,无担保,,,,szmb,,,128097,128097,2.1380,082614,072614,,N,N,75.270,buy,,,1.59,N,630693012.0,448080169.0,Y,12.05,6102.43,-2.82%,00,buy,buy,buy,15:14:03,115.98,22.47%,4.090,-5.15%,-5.75%,142.038,142.038,-0.16%,719.84,Y,0,0,,-,,N,-,buy,-,26-02-25,164.51,13.51,7.27,8.5%,6.0%,"转债占流动市值比：8.5%
转债占总市值比：6.0%",0.00,002614,sz128097,有效期：-；质押代码：128097,128097；2020-09-02 开始转股,全价：142.038 最后更新：15:14:03
128140,润建转债,sz002929,润建股份,C,26.40,2021-06-07,2021-06-15,2026-12-04,2024-12-06,,,100.000,y,52.62,30,30,0,0.00,,,2.42,110.000,n,130.000,15,30,0,,N,10.900,10.897,AA,AA,无担保,,,,szmb,2021年11月25日公告：本次（2021年11月08日至2021年11月24日）不行使提前赎回权利，至2022年12月31日均不提前赎回,,128140,128140,4.9377,082929,072929,,N,N,83.270,buy,,,2.27,N,228728817.0,168506828.0,Y,35.12,6241.41,1.74%,00,buy,buy,buy,15:14:03,133.03,22.52%,4.863,-7.05%,-7.54%,162.995,162.995,0.34%,4298.34,Y,0,0,G,-,,N,-,buy,-,26-12-04,185.52,34.32,18.48,18.4%,13.6%,"转债占流动市值比：18.4%
转债占总市值比：13.6%",0.00,002929,sz128140,有效期：-；质押代码：128140,128140；2021-06-15 开始转股,全价：162.995 最后更新：15:14:03
128134,鸿路转债,sz002541,鸿路钢构,C,43.51,2021-06-09,2021-04-15,2026-10-08,2024-10-08,,,100.000,y,56.44,30,30,0,0.00,,,1.12,110.000,n,130.000,15,30,1,,X,18.800,15.728,AA,AA,无担保,,,,szmb,,,128134,128134,3.5897,082541,072541,,N,N,82.450,buy,,,4.13,N,530777158.0,378273361.0,Y,53.96,18423.58,-0.35%,00,buy,buy,buy,15:14:03,124.02,22.56%,4.707,-5.88%,-6.39%,152.000,152.000,-0.14%,2682.67,Y,0,0,,-,,N,-,buy,-,26-10-08,174.56,56.56,30.46,7.7%,5.5%,"转债占流动市值比：7.7%
转债占总市值比：5.5%",0.00,002541,sz128134,有效期：-；质押代码：128134,128134；2021-04-15 开始转股,全价：152.000 最后更新：15:14:03
127020,中金转债,sz000060,中金岭南,C,4.63,2021-06-18,2021-01-25,2026-07-19,2024-07-22,,,100.000,y,68.09,30,30,0,0.00,,,0.37,110.000,n,130.000,15,30,0,,X,38.000,34.279,AA+,AA+,无担保,,,,szmb,,,127020,127020,1.0645,080060,070060,,N,N,55.990,buy,R,,1.32,N,3650034613.0,3648835938.0,Y,4.76,21581.55,-3.25%,00,buy,buy,buy,15:14:03,102.81,22.73%,4.485,-2.36%,-2.89%,126.180,126.180,-1.19%,1599.34,Y,0,0,,-,,N,-,buy,-,26-07-19,148.91,6.02,3.24,19.7%,19.7%,"转债占流动市值比：19.7%
转债占总市值比：19.7%",0.00,000060,sz127020,有效期：-；质押代码：127020,127020；2021-01-25 开始转股,全价：126.180 最后更新：15:14:03
110075,南航转债,sh600029,南方航空,C,6.24,,2021-04-21,2026-10-14,2024-10-14,,,100.000,y,61.09,30,30,0,0.92,2022-01-25,2022-01-25,0.38,106.500,n,130.000,15,30,0,,X,160.000,58.960,AAA,AAA,无担保,,,,shmb,,,110075,110075,1.4470,704029,733029,,N,N,76.060,buy,R,,1.65,N,16948438028.0,10219858722.0,Y,7.15,34644.00,-1.52%,00,buy,buy,buy,14:59:52,114.58,23.06%,4.723,-5.22%,-5.57%,141.010,141.010,-0.18%,3181.23,Y,0,0,,-,,N,-,buy,-,26-10-14,164.07,8.11,4.37,8.1%,4.9%,"转债占流动市值比：8.1%
转债占总市值比：4.9%",0.00,600029,sh110075,有效期：2022-01-25 到 2022-01-25；质押代码：110075,110075；2021-04-21 开始转股,全价：141.010 最后更新：14:59:52
128034,江银转债,sz002807,江阴银行,C,4.32,2021-05-13,2018-08-01,2024-01-26,,,,,y,,15,30,0,0.00,,,2.25,106.000,n,130.000,15,30,0,,X,20.000,17.581,AA+,AA+,无担保,,,,szmb,,,128034,128034,1.1316,082807,072807,,N,N,37.000,buy,,,0.70,N,2172009851.0,2169436768.0,Y,4.03,11018.62,-0.49%,00,buy,buy,buy,15:14:03,93.29,23.15%,2.005,-2.94%,-3.69%,114.881,114.881,-0.21%,4552.94,Y,2,2,,-,,N,-,buy,-,24-01-26,138.03,5.62,-,20.1%,20.1%,"转债占流动市值比：20.1%
转债占总市值比：20.1%",0.00,002807,sz128034,有效期：-；质押代码：128034,128034；2018-08-01 开始转股,全价：114.881 最后更新：15:14:03
113516,苏农转债,sh603323,苏农银行,C,5.37,2021-06-08,2019-02-11,2024-08-01,,,,,n,,15,30,0,0.00,,,1.63,110.000,n,130.000,15,30,0,,X,25.000,12.885,AA+,AA+,无担保,,,,shmb,,,113516,113516,1.7260,753323,754323,,N,N,28.630,buy,R,,0.75,N,1803070253.0,1517793985.0,Y,5.41,15794.65,1.31%,00,buy,buy,buy,14:59:30,100.74,23.17%,2.521,-3.60%,-4.51%,124.090,124.090,0.65%,2626.77,Y,0,0,,-,,N,-,buy,-,24-08-01,147.26,6.98,-,15.7%,13.2%,"转债占流动市值比：15.7%
转债占总市值比：13.2%",0.00,603323,sh113516,有效期：-；质押代码：113516,113516；2019-02-11 开始转股,全价：124.090 最后更新：14:59:30
110074,精达转债,sh600577,精达股份,C,3.73,2021-04-26,2021-02-25,2026-08-18,2024-08-19,,,100.000,y,36.98,30,30,0,0.00,,,24.16,112.000,n,130.000,15,30,0,,N,7.870,5.099,AA,AA,无担保,,,,shmb,2022年1月7日公告：本次（2021年12月16日至2022年1月6日）不提前赎回，至 2022年7月6日均不提前赎回,,110074,110074,0.4090,704577,733577,,N,N,62.152,buy,R,,3.20,N,1995704423.0,1995704423.0,Y,7.06,14655.92,2.47%,00,buy,buy,buy,15:00:00,189.28,23.21%,4.567,-14.24%,-14.76%,233.210,233.210,5.32%,27875.90,Y,0,0,G,-,,N,-,buy,-,26-08-18,256.42,4.85,2.61,3.6%,3.6%,"转债占流动市值比：3.6%
转债占总市值比：3.6%",0.00,600577,sh110074,有效期：-；质押代码：110074,110074；2021-02-25 开始转股,全价：233.210 最后更新：15:00:00
113050,南银转债,sh601009,南京银行,C,10.10,,2021-12-21,2027-06-14,,,,,y,,0,0,0,0.80,2022-01-25,2022-01-25,0.73,107.000,n,130.000,15,30,0,,X,200.000,200.000,AAA,AAA,无,,,,shmb,,,113050,113050,1.9980,764009,783009,,N,N,67.900,buy,R,,0.85,Y,10007089247.0,8482280198.0,Y,10.00,39655.37,-0.20%,00,buy,buy,buy,14:59:55,99.01,23.24%,5.389,-1.73%,-2.10%,122.020,122.020,-0.05%,17766.49,Y,0,0,,-,,N,-,buy,-,27-06-14,145.26,13.13,-,23.6%,20.0%,"转债占流动市值比：23.6%
转债占总市值比：20.0%",0.00,601009,sh113050,有效期：2022-01-25 到 2022-01-25；质押代码：113050,113050；2021-12-21 开始转股,全价：122.020 最后更新：14:59:55
113620,傲农转债,sh603363,傲农生物,C,14.52,2022-01-19,2021-09-16,2027-03-09,2025-03-10,,,100.000,y,60.28,30,30,0,0.00,,,24.65,116.000,n,130.000,15,30,0,,X,10.000,9.997,AA,AA,无,,,,shmb,,,113620,113620,1.4830,753363,754363,,N,N,63.860,buy,R,,4.96,N,684412775.0,656385890.0,Y,16.86,38863.86,0.48%,00,buy,buy,buy,14:59:55,116.12,23.26%,5.123,-3.27%,-3.93%,143.130,143.130,0.01%,35904.23,Y,0,0,,-,,N,-,buy,-,27-03-09,166.39,18.88,10.16,9.0%,8.7%,"转债占流动市值比：9.0%
转债占总市值比：8.7%",0.00,603363,sh113620,有效期：-；质押代码：113620,113620；2021-09-16 开始转股,全价：143.130 最后更新：14:59:55
127030,盛虹转债,sz000301,东方盛虹,C,14.10,2021-06-18,2021-09-27,2027-03-21,2025-03-21,,,100.000,y,53.29,30,30,0,0.00,,,2.17,108.000,n,130.000,15,30,0,,N,50.000,49.986,AA+,AA+,无,,,,szmb,2021年9月22日公告，截止9月22日触发本次不赎回，至2022年3月26日前均不提前赎回,,127030,127030,1.0341,080301,070301,,N,N,77.630,buy,R,,4.57,N,4834962688.0,2066737253.0,Y,18.52,65120.13,5.35%,00,buy,buy,buy,15:14:03,131.35,23.34%,5.156,-6.92%,-7.32%,162.000,162.000,2.66%,17452.44,Y,0,0,G,-,,N,-,buy,-,27-03-21,185.34,18.33,9.87,13.1%,5.6%,"转债占流动市值比：13.1%
转债占总市值比：5.6%",0.00,000301,sz127030,有效期：-；质押代码：127030,127030；2021-09-27 开始转股,全价：162.000 最后更新：15:14:03
127005,长证转债,sz000783,长江证券,C,7.13,2021-07-20,2018-09-17,2024-03-12,,,,,y,,15,30,0,0.84,2022-01-25,2022-01-25,0.52,105.000,n,130.000,15,30,0,,X,50.000,49.965,AAA,AAA,无担保,,,,szmb,,,127005,127005,0.9042,080783,070783,,N,N,50.330,buy,R,,1.33,N,5529950496.0,5529950496.0,Y,7.34,17032.10,0.41%,00,buy,buy,buy,15:14:03,102.95,23.51%,2.132,-7.39%,-8.04%,127.152,127.152,0.12%,3319.31,Y,0,0,,-,,N,-,buy,-,24-03-12,150.66,9.27,-,12.3%,12.3%,"转债占流动市值比：12.3%
转债占总市值比：12.3%",0.00,000783,sz127005,有效期：2022-01-25 到 2022-01-25；质押代码：127005,127005；2018-09-17 开始转股,全价：127.152 最后更新：15:14:03
110063,鹰19转债,sh600567,山鹰国际,C,3.26,2021-07-05,2020-06-19,2025-12-12,2023-12-12,,,100.000,y,70.87,30,30,0,0.00,,,0.36,111.000,n,130.000,15,30,0,,X,18.600,18.092,AA+,AA+,无担保,,,,shmb,,,110063,110063,0.4120,704567,733567,,N,N,31.650,buy,R,,0.90,N,4616166707.0,4616166707.0,Y,3.22,9038.55,-0.31%,00,buy,buy,buy,14:57:56,98.77,23.62%,3.885,-1.47%,-2.16%,122.100,122.100,0.15%,785.34,Y,0,0,,-,,N,-,buy,-,25-12-12,145.72,4.24,2.28,12.2%,12.2%,"转债占流动市值比：12.2%
转债占总市值比：12.2%",0.00,600567,sh110063,有效期：-；质押代码：110063,110063；2020-06-19 开始转股,全价：122.100 最后更新：14:57:56
113616,韦尔转债,sh603501,韦尔股份,C,222.52,2021-06-30,2021-07-05,2026-12-27,2024-12-27,,,100.000,y,53.90,30,30,0,0.00,,,4.18,110.000,n,130.000,15,30,0,,X,24.400,24.337,AA+,AA+,无,,,,shmb,,,113616,113616,2.8120,753501,754501,,N,N,74.370,buy,R,,17.18,N,875724555.0,790025373.0,Y,289.01,95282.11,1.33%,00,buy,buy,buy,14:59:57,129.88,23.71%,4.926,-6.77%,-7.24%,160.680,160.680,-0.40%,16373.03,Y,0,0,,-,,N,-,buy,-,26-12-27,184.39,289.28,155.76,1.1%,1.0%,"转债占流动市值比：1.1%
转债占总市值比：1.0%",0.00,603501,sh113616,有效期：-；质押代码：113616,113616；2021-07-05 开始转股,全价：160.680 最后更新：14:59:57
128066,亚泰转债,sz002811,郑中设计,C,9.27,2021-06-15,2019-10-23,2025-04-17,2023-04-17,,,100.000,y,73.82,30,30,0,0.00,,,1.61,112.000,n,130.000,15,30,0,,X,4.800,4.798,AA-,AA-,"连带责任保证,保证人深圳市亚泰一兆投资有限公司",,,,szmb,,,128066,128066,2.6666,082811,072811,,N,N,77.910,buy,,,1.55,N,270023688.0,239078995.0,Y,8.79,895.84,-0.34%,00,buy,buy,buy,15:14:03,94.82,23.71%,3.230,-0.16%,-1.07%,117.300,117.300,-0.17%,903.57,Y,1,1,,-,,N,-,buy,-,25-04-17,141.01,12.05,6.49,22.8%,20.2%,"转债占流动市值比：22.8%
转债占总市值比：20.2%",0.00,002811,sz128066,有效期：-；质押代码：128066,128066；2019-10-23 开始转股,全价：117.300 最后更新：15:14:03
113599,嘉友转债,sh603871,嘉友国际,C,18.32,2021-06-15,2021-02-18,2026-08-04,2024-08-04,,,100.000,y,63.23,30,30,0,0.00,,,1.84,120.000,n,130.000,15,30,0,,X,7.200,7.198,AA-,AA-,无担保,,,,shmb,,,113599,113599,3.2790,753871,754871,,N,N,90.430,buy,,,2.93,N,316960704.0,285385258.0,Y,20.28,1101.54,-0.10%,00,buy,buy,buy,14:59:42,110.70,23.76%,4.529,-1.94%,-2.84%,137.000,137.000,1.01%,1777.85,Y,0,0,,-,,N,-,buy,-,26-08-04,160.76,23.82,12.82,12.4%,11.2%,"转债占流动市值比：12.4%
转债占总市值比：11.2%",0.00,603871,sh113599,有效期：-；质押代码：113599,113599；2021-02-18 开始转股,全价：137.000 最后更新：14:59:42
123107,温氏转债,sz300498,温氏股份,C,17.62,2021-07-08,2021-10-08,2027-03-28,2025-03-28,,,100.000,y,63.97,30,30,0,0.86,2022-01-25,2022-01-25,1.17,108.000,n,130.000,15,30,0,,X,92.970,92.965,AAA,AAA,无,,,,szcy,,,123107,123107,1.4587,380498,370498,,N,N,73.790,buy,R,,3.40,N,6351814344.0,4728906382.0,Y,19.28,84481.51,0.00%,00,buy,buy,buy,15:14:03,109.42,23.82%,5.175,-3.51%,-3.93%,135.480,135.480,-0.18%,14818.20,Y,0,0,,-,,N,-,buy,-,27-03-28,159.30,22.91,12.33,10.2%,7.6%,"转债占流动市值比：10.2%
转债占总市值比：7.6%",0.00,300498,sz123107,有效期：2022-01-25 到 2022-01-25；质押代码：123107,123107；2021-10-08 开始转股,全价：135.480 最后更新：15:14:03
113047,旗滨转债,sh601636,旗滨集团,C,12.80,2021-06-18,2021-10-15,2027-04-08,2025-04-08,,,100.000,y,49.78,30,30,0,0.00,,,8.69,110.000,n,130.000,15,30,0,,N,15.000,14.989,AA+,AA+,,,,,shmb,2021年12月22日公告：本次（2021年11月24日至2021年12月21日）不提前赎回，至2022年2月21日均不提前赎回,,113047,113047,0.5640,764636,783636,,N,N,65.120,buy,R,,3.86,N,2686288065.0,2686288065.0,Y,18.00,96379.46,1.41%,00,buy,buy,buy,14:59:55,140.62,24.09%,5.205,-7.95%,-8.37%,174.500,174.500,0.86%,22777.21,Y,0,0,G,-,,N,-,buy,-,27-04-08,198.59,16.64,8.96,3.1%,3.1%,"转债占流动市值比：3.1%
转债占总市值比：3.1%",0.00,601636,sh113047,有效期：-；质押代码：113047,113047；2021-10-15 开始转股,全价：174.500 最后更新：14:59:55
128101,联创转债,sz002036,联创电子,C,13.72,2021-06-07,2020-09-21,2026-03-16,2024-03-18,,,100.000,y,44.08,30,30,0,0.00,,,23.13,110.000,n,130.000,15,30,15,,X,3.000,2.995,AA,AA,无担保,,,,szmb,,,128101,128101,0.4208,082036,072036,,N,N,25.381,buy,R,,5.86,N,1062824950.0,1045944418.0,Y,21.79,55091.08,1.97%,00,buy,buy,buy,15:14:03,158.82,24.23%,4.142,-12.46%,-12.98%,197.304,197.304,2.81%,13588.46,Y,0,0,B,-,,N,-,buy,-,26-03-16,221.53,17.84,9.60,1.3%,1.3%,"转债占流动市值比：1.3%
转债占总市值比：1.3%",0.00,002036,sz128101,有效期：-；质押代码：128101,128101；2020-09-21 开始转股,全价：197.304 最后更新：15:14:03
113502,嘉澳转债,sh603822,嘉澳环保,C,44.64,2021-06-24,2018-05-17,2023-11-09,2021-11-10,,,100.000,y,65.52,30,30,0,0.00,,,5.72,108.000,n,130.000,15,30,0,,X,1.850,1.844,AA-,A+,公司控股股东桐乡市顺昌投资有限公司,,,,shmb,,,113502,113502,2.5220,753822,754822,,N,N,59.814,buy,,,4.02,N,73362554.0,72518133.0,Y,47.69,6408.07,0.23%,00,buy,buy,buy,14:59:52,106.83,24.33%,1.792,-10.16%,-11.05%,132.830,132.830,0.60%,1397.51,Y,0,0,,-,,N,-,buy,-,23-11-09,157.16,58.03,31.25,5.3%,5.3%,"转债占流动市值比：5.3%
转债占总市值比：5.3%",0.00,603822,sh113502,有效期：-；质押代码：113502,113502；2018-05-17 开始转股,全价：132.830 最后更新：14:59:52
110047,山鹰转债,sh600567,山鹰国际,C,3.30,2021-07-05,2019-05-27,2024-11-21,2022-11-21,,,100.000,y,71.74,30,30,0,0.00,,,0.40,113.000,n,130.000,15,30,0,,X,23.000,22.455,AA+,AA+,无担保,,,,shmb,,,110047,110047,0.5030,704567,733567,,N,N,14.080,buy,R,,0.90,N,4616166707.0,4616166707.0,Y,3.22,9038.55,-0.31%,00,buy,buy,buy,14:59:10,97.58,24.49%,2.827,-1.49%,-2.49%,121.470,121.470,0.02%,1090.61,Y,0,0,,-,,N,-,buy,-,24-11-21,145.96,4.29,2.31,15.1%,15.1%,"转债占流动市值比：15.1%
转债占总市值比：15.1%",0.00,600567,sh110047,有效期：-；质押代码：110047,110047；2019-05-27 开始转股,全价：121.470 最后更新：14:59:10
123130,设研转债,sz300732,设研院,C,11.24,,2022-05-17,2027-11-10,2025-11-10,,,100.000,y,59.83,30,30,0,0.00,,,57.14,112.000,n,130.000,15,30,0,,X,3.760,3.760,AA,AA,无,,,,szcy,,,未到转股期,123130,1.3718,380732,370732,,N,N,63.570,-,,,1.43,N,275296402.0,269977503.0,Y,13.15,14066.76,4.70%,00,buy,buy,buy,15:14:03,116.99,24.53%,5.797,-3.76%,-4.24%,145.697,145.697,4.07%,31426.90,Y,0,0,,-,,N,-,buy,-,27-11-10,170.23,14.61,7.87,10.6%,10.4%,"转债占流动市值比：10.6%
转债占总市值比：10.4%",0.00,300732,sz123130,有效期：-；质押代码：123130,未到转股期；2022-05-17 开始转股,全价：145.697 最后更新：15:14:03
127013,创维转债,sz000810,创维数字,C,11.29,2021-06-10,2019-10-21,2025-04-15,2023-04-17,,,100.000,y,60.37,30,30,0,0.00,,,30.65,113.000,n,130.000,15,30,1,,X,10.400,9.778,AA,AA,无担保,,,,szmb,,,127013,127013,0.9821,080810,070810,,N,N,26.600,buy,R,,3.19,N,1063237105.0,1030222093.0,Y,13.09,64772.93,2.67%,00,buy,buy,buy,15:14:03,115.94,24.69%,3.225,-6.40%,-7.25%,144.573,144.573,2.02%,43277.46,Y,0,0,,-,,N,-,buy,-,25-04-15,169.26,14.68,7.90,7.3%,7.0%,"转债占流动市值比：7.3%
转债占总市值比：7.0%",0.00,000810,sz127013,有效期：-；质押代码：127013,127013；2019-10-21 开始转股,全价：144.573 最后更新：15:14:03
113565,宏辉转债,sh603336,宏辉果蔬,C,7.64,2021-05-17,2020-09-03,2026-02-25,2024-02-26,,,100.000,y,69.91,30,30,0,0.00,,,21.39,112.000,n,130.000,15,30,0,,X,3.320,2.253,AA-,AA-,公司实际控制人担保,,,,shmb,,,113565,113565,1.4730,753336,754336,,N,N,80.610,buy,,,3.10,N,438679917.0,438679917.0,Y,7.65,5946.91,-1.16%,00,buy,buy,buy,14:59:56,100.13,24.73%,4.090,-1.45%,-2.20%,124.890,124.890,-1.42%,6064.52,Y,0,0,,-,,N,-,buy,-,26-02-25,149.62,9.93,5.35,6.7%,6.7%,"转债占流动市值比：6.7%
转债占总市值比：6.7%",0.00,603336,sh113565,有效期：-；质押代码：113565,113565；2020-09-03 开始转股,全价：124.890 最后更新：14:59:56
123087,明电转债,sz300739,明阳电路,C,16.32,2021-05-24,2021-06-21,2026-12-14,2025-12-15,,,100.000,y,59.35,30,30,0,0.00,,,3.84,115.000,n,130.000,15,30,0,,X,6.730,4.189,AA-,AA-,无担保,,,,szcy,,,123087,123087,2.4094,380739,370739,,N,N,84.410,buy,R,,2.84,N,294758134.0,288241054.0,Y,16.50,5723.67,-1.73%,00,buy,buy,buy,15:14:03,101.10,25.13%,4.890,-0.96%,-1.68%,126.513,126.513,0.15%,2038.21,Y,1,1,,-,,N,-,buy,-,26-12-14,151.64,21.22,9.79,8.8%,8.6%,"转债占流动市值比：8.8%
转债占总市值比：8.6%",0.00,300739,sz123087,有效期：-；质押代码：123087,123087；2021-06-21 开始转股,全价：126.513 最后更新：15:14:03
128090,汽模转2,sz002510,天汽模,C,4.23,2021-06-30,2020-07-03,2025-12-27,2023-12-27,,,100.000,y,69.34,30,30,0,0.00,,,2.68,110.000,n,130.000,15,30,0,,X,4.710,3.100,AA-,AA-,无担保,,,,szmb,,,128090,128090,0.5114,082510,072510,,N,N,41.350,buy,,,1.91,N,941616619.0,931317168.0,Y,4.27,5866.56,-0.93%,00,buy,buy,buy,15:14:03,100.95,25.19%,3.926,-2.57%,-3.19%,126.371,126.371,0.02%,1051.26,Y,0,0,,-,,N,-,buy,-,25-12-27,151.56,5.50,2.96,7.8%,7.7%,"转债占流动市值比：7.8%
转债占总市值比：7.7%",0.00,002510,sz128090,有效期：-；质押代码：128090,128090；2020-07-03 开始转股,全价：126.371 最后更新：15:14:03
113619,世运转债,sh603920,世运电路,C,19.92,2021-06-17,2021-07-26,2027-01-19,2025-01-20,,,100.000,y,61.67,30,30,0,0.00,,,1.71,110.000,n,130.000,15,30,0,,X,10.000,9.997,AA,AA,无,,,,shmb,,,113619,113619,2.4420,753920,754920,,N,N,85.813,buy,,,4.41,N,532247495.0,532173395.0,Y,22.61,18837.05,3.67%,00,buy,buy,buy,14:59:41,113.50,25.23%,4.989,-4.25%,-4.74%,142.140,142.140,0.72%,2434.55,Y,0,0,,-,,N,-,buy,-,27-01-19,167.37,25.90,13.94,8.3%,8.3%,"转债占流动市值比：8.3%
转债占总市值比：8.3%",0.00,603920,sh113619,有效期：-；质押代码：113619,113619；2021-07-26 开始转股,全价：142.140 最后更新：14:59:41
123114,三角转债,sz300775,三角防务,C,31.82,,2021-11-30,2027-05-24,2025-05-26,,,100.000,y,51.28,30,30,0,0.00,,,4.45,115.000,n,130.000,20,30,0,,N,9.044,9.037,AA-,AA-,无,,,,szcy,2021年12月27日公告：本次（2021年11月30日至2021年12月27日）不提前赎回，至2022年6月27日均不提前赎回,,123114,123114,1.8251,380775,370775,,N,N,70.489,buy,,,9.28,N,495521729.0,264021729.0,Y,43.44,37510.07,0.09%,00,buy,buy,buy,15:14:03,136.52,25.43%,5.332,-6.42%,-7.03%,171.230,171.230,1.32%,6885.51,Y,0,0,G,-,,N,-,buy,-,27-05-24,196.66,41.37,22.27,7.9%,4.2%,"转债占流动市值比：7.9%
转债占总市值比：4.2%",0.00,300775,sz123114,有效期：-；质押代码：123114,123114；2021-11-30 开始转股,全价：171.230 最后更新：15:14:03
128137,洁美转债,sz002859,洁美科技,C,27.63,2021-06-03,2021-05-10,2026-11-03,2024-11-04,,,100.000,y,56.94,30,30,0,0.00,,,3.70,112.000,n,130.000,15,30,0,,N,6.000,5.994,AA-,AA-,,,,,szmb,2021年12月28日公告：本次（2021年11月16日至2021年12月27日）不提前赎回，至2022年6月27日均不提前赎回,,128137,128137,1.4645,082859,072859,,N,N,81.230,buy,,,6.71,N,410020847.0,402836495.0,Y,33.97,11778.29,1.83%,00,buy,buy,buy,15:14:03,122.95,25.52%,4.778,-5.74%,-6.31%,154.324,154.324,3.57%,3430.77,Y,0,0,G,-,,N,-,buy,-,26-11-03,179.84,35.92,19.34,4.4%,4.3%,"转债占流动市值比：4.4%
转债占总市值比：4.3%",0.00,002859,sz128137,有效期：-；质押代码：128137,128137；2021-05-10 开始转股,全价：154.324 最后更新：15:14:03
110081,闻泰转债,sh600745,闻泰科技,C,96.69,2022-01-19,2022-02-03,2027-07-27,2025-07-28,,,100.000,y,56.88,30,30,0,0.00,,,2.07,108.000,n,130.000,15,30,0,,X,86.000,86.000,AA+,AA+,无,,,,shmb,,,未到转股期,110081,6.9070,704745,733745,,N,N,55.670,buy,R,,4.50,N,1246210166.0,936607734.0,Y,119.00,109323.47,3.55%,00,buy,buy,buy,14:59:58,123.07,25.53%,5.507,-5.75%,-6.11%,154.490,154.490,2.38%,27401.16,Y,0,0,,-,,N,-,buy,-,27-07-27,180.02,125.70,67.68,7.7%,5.8%,"转债占流动市值比：7.7%
转债占总市值比：5.8%",0.00,600745,sh110081,有效期：-；质押代码：110081,未到转股期；2022-02-03 开始转股,全价：154.490 最后更新：14:59:58
113033,利群转债,sh601366,利群股份,C,7.01,2020-07-20,2020-10-09,2026-03-31,2024-04-01,,,100.000,y,75.49,30,30,0,0.00,,,2.29,110.000,n,130.000,15,30,0,,X,18.000,17.998,AA,AA,无担保,,,,shmb,,,113033,113033,2.0910,764366,783366,,N,N,50.370,buy,,,1.21,N,860527080.0,834046738.0,Y,6.50,9082.81,-0.46%,00,buy,buy,buy,14:59:51,92.72,25.53%,4.184,-0.32%,-0.95%,116.400,116.400,1.23%,4772.59,Y,0,0,,-,,N,-,buy,-,26-03-31,141.93,9.11,4.91,33.2%,32.2%,"转债占流动市值比：33.2%
转债占总市值比：32.2%",0.00,601366,sh113033,有效期：-；质押代码：113033,113033；2020-10-09 开始转股,全价：116.400 最后更新：14:59:51
128053,尚荣转债,sz002551,尚荣医疗,C,4.88,2021-08-11,2019-08-20,2025-02-14,2023-02-14,,,100.000,y,65.69,30,30,0,0.00,,,12.80,110.000,n,130.000,15,30,0,,X,7.500,1.902,AA,AA,未提供担保,,,,szmb,,,128053,128053,1.0624,082551,072551,,N,N,15.800,buy,,,1.39,N,844682953.0,580891384.0,Y,5.20,4111.72,-1.14%,00,buy,buy,buy,15:14:03,106.56,25.66%,3.060,-5.15%,-5.92%,133.900,133.900,-0.95%,3275.85,Y,0,0,,-,,N,-,buy,-,25-02-14,159.56,6.34,3.42,6.3%,4.3%,"转债占流动市值比：6.3%
转债占总市值比：4.3%",0.00,002551,sz128053,有效期：-；质押代码：128053,128053；2019-08-20 开始转股,全价：133.900 最后更新：15:14:03
123062,三超转债,sz300554,三超新材,C,17.13,2021-06-07,2021-02-01,2026-07-26,2024-07-26,,,100.000,y,70.37,30,30,0,0.00,,,4.81,113.000,n,130.000,15,30,0,,X,1.950,1.948,A,A,无担保,,,,szcy,,,123062,123062,2.0833,380554,370554,,N,N,77.000,buy,,,2.74,N,93613367.0,65242104.0,Y,17.04,2597.05,-2.01%,00,buy,buy,buy,15:14:03,99.47,25.68%,4.504,-1.08%,-1.80%,125.021,125.021,-1.60%,1183.67,Y,0,0,,-,,N,-,buy,-,26-07-26,150.70,22.27,11.99,17.5%,12.2%,"转债占流动市值比：17.5%
转债占总市值比：12.2%",0.00,300554,sz123062,有效期：-；质押代码：123062,123062；2021-02-01 开始转股,全价：125.021 最后更新：15:14:03
110048,福能转债,sh600483,福能股份,C,7.85,2021-07-28,2019-06-13,2024-12-06,2022-12-07,,,100.000,y,39.88,30,30,0,0.00,,,4.89,109.000,n,130.000,15,30,0,,N,28.300,12.763,AA+,AA+,无担保,,,,shmb,2021年10月29日公告：本次（2021年10月8日至2021年10月28日）不行使福能转债的提前赎回权利，至2022年1月28日均不提前赎回,,110048,110048,1.8230,704483,733483,,N,N,32.130,buy,R,,1.57,N,1954540075.0,1745999119.0,Y,13.78,17232.91,0.07%,00,buy,buy,buy,14:59:40,175.54,25.77%,2.868,-21.23%,-21.80%,220.770,220.770,0.93%,13577.07,Y,0,0,G,-,,N,-,buy,-,24-12-06,246.54,10.21,5.50,5.3%,4.7%,"转债占流动市值比：5.3%
转债占总市值比：4.7%",0.00,600483,sh110048,有效期：-；质押代码：110048,110048；2019-06-13 开始转股,全价：220.770 最后更新：14:59:40
123121,帝尔转债,sz300776,帝尔激光,C,192.24,2021-11-19,2022-02-11,2027-08-04,2025-08-04,,,100.000,y,57.26,30,30,0,0.00,,,9.20,115.000,n,130.000,15,30,0,,X,8.400,8.400,AA-,AA-,无,,,,szcy,,,未到转股期,123121,7.9394,380776,370776,,N,N,85.950,buy,,,11.55,N,106270640.0,47471432.0,Y,235.00,15597.25,-0.84%,00,buy,buy,buy,15:14:03,122.24,25.77%,5.529,-4.32%,-4.92%,153.750,153.750,0.23%,11967.33,Y,0,0,,-,,N,-,buy,-,27-08-04,179.52,249.91,134.57,7.5%,3.4%,"转债占流动市值比：7.5%
转债占总市值比：3.4%",0.00,300776,sz123121,有效期：-；质押代码：123121,未到转股期；2022-02-11 开始转股,全价：153.750 最后更新：15:14:03
128144,利民转债,sz002734,利民股份,C,11.50,2021-09-07,2021-09-06,2027-02-28,2025-02-28,,,100.000,y,59.67,30,30,0,0.00,,,0.53,110.000,n,130.000,15,30,0,,X,9.800,9.795,AA,AA,无,,,,szmb,,,128144,128144,2.6306,082734,072734,,N,N,33.124,buy,,,1.85,N,372560656.0,325293528.0,Y,13.49,2639.81,1.89%,00,buy,buy,buy,15:14:03,117.30,25.91%,5.099,-5.01%,-5.47%,147.700,147.700,0.69%,756.48,Y,1,1,,-,,N,-,buy,-,27-02-28,173.61,14.95,8.05,22.3%,19.5%,"转债占流动市值比：22.3%
转债占总市值比：19.5%",0.00,002734,sz128144,有效期：-；质押代码：128144,128144；2021-09-06 开始转股,全价：147.700 最后更新：15:14:03
110057,现代转债,sh600420,国药现代,C,9.79,2021-06-25,2019-10-08,2025-03-31,2023-04-01,,,100.000,y,74.01,30,30,0,0.80,2022-01-25,2022-01-25,1.03,106.000,n,130.000,15,30,0,,X,16.160,16.157,AAA,AAA,无担保,,,,shmb,,,110057,110057,1.5290,704420,733420,,N,N,32.790,buy,,,1.10,N,1026964555.0,1026964555.0,Y,9.26,5657.78,-1.28%,00,buy,buy,buy,14:59:07,94.59,26.06%,3.184,-2.47%,-3.05%,119.240,119.240,-0.82%,1988.87,Y,0,0,,-,,N,-,buy,-,25-03-31,145.30,12.73,6.85,17.0%,17.0%,"转债占流动市值比：17.0%
转债占总市值比：17.0%",0.00,600420,sh110057,有效期：2022-01-25 到 2022-01-25；质押代码：110057,110057；2019-10-08 开始转股,全价：119.240 最后更新：14:59:07
128021,兄弟转债,sz002562,兄弟科技,C,5.19,2021-01-08,2018-06-04,2023-11-28,2021-11-28,,,100.000,y,70.41,30,30,0,0.00,,,8.68,106.000,n,130.000,20,30,0,,X,7.000,2.653,AA,AA,无担保,,,,szmb,,,128021,128021,1.2929,082562,072562,,N,N,88.590,buy,,,1.83,N,1062875349.0,700080851.0,Y,5.16,11331.05,1.38%,00,buy,buy,buy,15:14:03,99.42,26.14%,1.844,-8.07%,-8.77%,125.414,125.414,-1.85%,2920.75,Y,1,1,,-,,N,-,buy,-,23-11-28,151.55,6.75,3.63,7.3%,4.8%,"转债占流动市值比：7.3%
转债占总市值比：4.8%",0.00,002562,sz128021,有效期：-；质押代码：128021,128021；2018-06-04 开始转股,全价：125.414 最后更新：15:14:03
123098,一品转债,sz300723,一品红,C,25.48,2021-08-25,2021-08-03,2027-01-27,2025-01-27,,,100.000,y,60.67,30,30,0,0.00,,,1.38,118.000,n,130.000,15,30,0,,N,4.800,4.236,AA-,AA-,无担保,,,,szcy,2022年1月5日公告：本次（2021年11月24日至2021年1月5日）不提前赎回，至2022年7月5日均不提前赎回,,123098,123098,3.0423,380723,370723,,N,N,85.150,buy,,,4.85,N,288034274.0,124345043.0,Y,29.40,4045.59,-0.20%,00,buy,buy,buy,15:14:03,115.38,26.16%,5.011,-3.21%,-3.97%,145.570,145.570,-0.20%,850.64,Y,0,0,G,-,,N,-,buy,-,27-01-27,171.73,33.12,17.84,11.6%,5.0%,"转债占流动市值比：11.6%
转债占总市值比：5.0%",0.00,300723,sz123098,有效期：-；质押代码：123098,123098；2021-08-03 开始转股,全价：145.570 最后更新：15:14:03
128078,太极转债,sz002368,太极股份,C,22.21,2021-07-12,2020-04-27,2025-10-21,2023-10-23,,,100.000,y,54.19,30,30,0,0.00,,,0.98,112.000,n,130.000,15,30,0,,N,10.000,9.599,AA,AA,无担保,,,,szmb,2021年11月29日公告：本次（2021年10月14日至2021年11月25日）不行使提前赎回权利，至2022年6月30日均不提前赎回,,128078,128078,2.4226,082368,072368,,N,N,61.950,buy,R,,4.77,N,579659936.0,575985883.0,Y,28.69,26487.40,0.81%,00,buy,buy,buy,15:14:03,129.18,26.18%,3.742,-8.76%,-9.44%,163.000,163.000,0.62%,1535.75,Y,0,0,G,-,,N,-,buy,-,25-10-21,189.18,28.87,15.55,5.8%,5.8%,"转债占流动市值比：5.8%
转债占总市值比：5.8%",0.00,002368,sz128078,有效期：-；质押代码：128078,128078；2020-04-27 开始转股,全价：163.000 最后更新：15:14:03
128129,青农转债,sz002958,青农商行,C,4.32,2021-07-07,2021-03-01,2026-08-24,,,,,y,,0,0,0,0.74,2022-01-25,2022-01-25,0.45,108.000,n,130.000,15,30,0,,X,50.000,49.998,AAA,AAA,无担保,,,,szmb,,,128129,128129,0.8999,082958,072958,,N,N,63.730,buy,R,,0.65,N,5555601212.0,2705591998.0,Y,3.94,7627.89,0.00%,00,buy,buy,buy,15:14:03,91.20,26.29%,4.584,-0.62%,-1.09%,115.180,115.180,-0.53%,2579.66,Y,1,1,,-,,N,-,buy,-,26-08-24,141.47,5.62,-,46.9%,22.8%,"转债占流动市值比：46.9%
转债占总市值比：22.8%",0.00,002958,sz128129,有效期：2022-01-25 到 2022-01-25；质押代码：128129,128129；2021-03-01 开始转股,全价：115.180 最后更新：15:14:03
127045,牧原转债,sz002714,牧原股份,C,47.91,,2022-02-21,2027-08-16,2025-08-15,,,100.000,y,62.31,30,30,0,0.00,,,1.02,107.000,n,130.000,15,30,0,,X,95.500,95.500,AA+,AA+,无,,,,szmb,,,未到转股期,127045,1.8145,082714,072714,,N,N,84.360,buy,R,,5.04,Y,5262358594.0,3606462815.0,Y,53.82,162466.98,-2.15%,00,buy,buy,buy,15:14:03,112.34,26.41%,5.562,-4.37%,-4.71%,142.000,142.000,-0.69%,13967.97,Y,0,0,,-,,N,-,buy,-,27-08-16,168.41,62.28,33.54,4.9%,3.4%,"转债占流动市值比：4.9%
转债占总市值比：3.4%",0.00,002714,sz127045,有效期：-；质押代码：127045,未到转股期；2022-02-21 开始转股,全价：142.000 最后更新：15:14:03
128109,楚江转债,sz002171,楚江新材,C,8.63,2021-05-31,2020-12-10,2026-06-03,2024-06-03,,,100.000,y,55.02,30,30,0,0.00,,,0.58,110.000,n,130.000,15,30,0,,N,18.300,18.226,AA,AA,无担保,,,,szmb,2021年11月30日公告：本次不行使楚江转债的提前赎回权利，至2022年11月29日均不提前赎回,,128109,128109,1.4176,082171,072171,,N,N,78.850,buy,R,,2.42,N,1334530042.0,1248176976.0,Y,10.98,12930.61,0.92%,00,buy,buy,buy,15:14:03,127.23,26.54%,4.359,-7.58%,-8.12%,161.000,161.000,0.62%,1688.96,Y,0,0,G,-,,N,-,buy,-,26-06-03,187.54,11.22,6.04,13.3%,12.4%,"转债占流动市值比：13.3%
转债占总市值比：12.4%",0.00,002171,sz128109,有效期：-；质押代码：128109,128109；2020-12-10 开始转股,全价：161.000 最后更新：15:14:03
