bond_id,bond_nm,stock_id,stock_nm,btype,convert_price,convert_price_valid_from,convert_dt,maturity_dt,next_put_dt,put_dt,put_notes,put_price,put_inc_cpn_fl,put_convert_price_ratio,put_count_days,put_total_days,put_real_days,repo_discount_rt,repo_valid_from,repo_valid_to,turnover_rt,redeem_price,redeem_inc_cpn_fl,redeem_price_ratio,redeem_count_days,redeem_total_days,redeem_real_days,redeem_dt,redeem_flag,orig_iss_amt,curr_iss_amt,rating_cd,issuer_rating_cd,guarantor,ssc_dt,esc_dt,sc_notes,market_cd,force_redeem,real_force_redeem_price,convert_cd,repo_cd,ration,ration_cd,apply_cd,online_offline_ratio,qflag,qflag2,ration_rt,fund_rt,margin_flg,lt_bps,pb,pb_flag,total_shares,float_shares,sqflg,sprice,svolume,sincrease_rt,qstatus,bond_value,bond_value2,volatility_rate,last_time,convert_value,premium_rt,year_left,ytm_rt,ytm_rt_tax,price,full_price,increase_rt,volume,convert_price_valid,adj_scnt,adj_cnt,redeem_icon,ref_yield_info,adjust_tip,adjusted,option_tip,bond_value3,left_put_year,short_maturity_dt,dblow,force_redeem_price,put_convert_price,convert_amt_ratio,convert_amt_ratio2,convert_amt_ratio_tips,stock_net_value,stock_cd,pre_bond_id,repo_valid,convert_cd_tip,price_tips
127046,百润转债,sz002568,百润股份,C,66.89,,2022-04-12,2027-09-28,2025-09-29,,,100.000,y,62.86,30,30,0,0.00,,,,110.000,n,130.000,15,30,0,,X,11.280,11.280,AA,AA,无,,,,szmb,,,未到转股期,127046,1.5064,082568,072568,,N,N,,-,R,,16.83,N,749785122.0,512092162.0,Y,74.49,62066.56,7.96%,00,buy,buy,buy,,111.36,-10.20%,5.997,2.41%,1.95%,100.000,100.000,0.00%,0.00,Y,0,0,,-,,N,-,buy,-,27-09-28,89.80,86.96,46.82,3.0%,2.0%,"转债占流动市值比：3.0%
转债占总市值比：2.0%",0.00,002568,sz127046,有效期：-；质押代码：127046,未到转股期；2022-04-12 开始转股,待上市
113051,节能转债,sh601016,节能风电,C,4.05,,2021-12-27,2027-06-21,2025-06-20,,,100.000,y,35.93,30,30,0,0.00,,,71.59,110.000,n,130.000,15,30,0,,X,30.000,30.000,AA+,AA+,无担保,,,,shmb,,,未到转股期,113051,0.5980,764016,783016,,N,N,63.210,buy,R,,3.77,N,5013052000.0,4480441681.0,Y,7.89,396460.75,10.04%,00,buy,buy,buy,15:00:00,194.81,-7.94%,5.726,-7.63%,-8.03%,179.340,179.340,6.74%,371301.80,Y,0,0,,-,,N,-,buy,-,27-06-21,171.40,5.26,2.83,8.5%,7.6%,"转债占流动市值比：8.5%
转债占总市值比：7.6%",0.00,601016,sh113051,有效期：-；质押代码：113051,未到转股期；2021-12-27 开始转股,全价：179.340 最后更新：15:00:00
110041,蒙电转债,sh600863,内蒙华电,C,2.56,2021-06-25,2018-06-28,2023-12-21,2021-12-21,,,100.000,y,43.60,30,30,0,0.67,2021-10-08,2021-10-08,238.40,106.000,n,130.000,15,30,16,,Y,18.752,12.245,AAA,AAA,无担保,,,,shmb,,,110041,110041,0.3220,704863,733863,,N,N,3.720,buy,R,,1.66,Y,5808544548.0,5955548527.0,Y,4.11,197173.73,3.01%,00,buy,buy,buy,15:00:00,160.55,-3.37%,2.225,-14.80%,-15.42%,155.130,155.130,1.74%,439126.52,Y,0,0,O,-,,N,-,buy,-,23-12-21,151.76,3.33,1.79,5.0%,5.1%,"转债占流动市值比：5.0%
转债占总市值比：5.1%",0.00,600863,sh110041,有效期：2021-10-08 到 2021-10-08；质押代码：110041,110041；2018-06-28 开始转股,全价：155.130 最后更新：15:00:00
113048,晶科转债,sh601778,晶科科技,C,5.48,2021-06-21,2021-10-29,2027-04-22,2025-04-22,,,100.000,y,45.08,30,30,0,0.00,,,20.74,112.000,n,130.000,15,30,0,,X,30.000,30.000,AA,AA,无,,,,shmb,,,未到转股期,113048,1.0840,764778,783778,,N,N,37.350,buy,,,2.02,N,2765501922.0,1741192922.0,Y,8.51,79766.27,2.16%,00,buy,buy,buy,14:59:59,155.29,-2.14%,5.562,-4.65%,-5.15%,151.970,151.970,1.27%,94286.82,Y,1,1,,-,,N,-,buy,-,27-04-22,149.83,7.12,3.84,20.2%,12.7%,"转债占流动市值比：20.2%
转债占总市值比：12.7%",0.00,601778,sh113048,有效期：-；质押代码：113048,未到转股期；2021-10-29 开始转股,全价：151.970 最后更新：14:59:59
128050,钧达转债,sz002865,钧达股份,C,14.80,2021-05-26,2019-06-14,2024-12-10,2022-12-10,,,100.000,y,31.75,30,30,0,0.00,,,785.73,118.000,n,130.000,15,30,30,,N,3.200,1.140,AA-,AA-,中汽塑料,,,,szmb,2021年3月20日公告：本次（2021年2月22日至2021年3月19日）不行使钧达转债的提前赎回权利，至2021年6月18日均不提前赎回,,128050,128050,2.6298,082865,072865,,N,N,17.350,buy,,,4.09,N,132641834.0,128972182.0,Y,32.63,35849.98,-1.00%,00,buy,buy,buy,15:14:03,220.47,-2.13%,3.197,-16.46%,-17.41%,215.783,215.783,-4.56%,206204.78,Y,1,1,G,-,,N,-,buy,-,24-12-10,213.65,19.24,10.36,2.7%,2.6%,"转债占流动市值比：2.7%
转债占总市值比：2.6%",0.00,002865,sz128050,有效期：-；质押代码：128050,128050；2019-06-14 开始转股,全价：215.783 最后更新：15:14:03
123047,久吾转债,sz300631,久吾高科,C,17.43,2021-05-28,2020-09-28,2026-03-19,2024-03-19,,,100.000,y,31.37,30,30,0,0.00,,,580.29,121.000,n,130.000,15,30,30,2021-10-20,Y,2.540,1.334,A+,A+,无担保,,,,szcy,"最后交易日：2021年10月20日
最后转股日：2021年10月20日
赎回价：100.47元/张",100.470,123047,123047,2.4063,380631,370631,,N,N,71.110,buy,,,5.21,N,108639690.0,106258815.0,Y,38.90,26599.69,6.60%,00,buy,buy,buy,15:14:03,223.18,-2.04%,4.468,-11.31%,-12.21%,218.623,218.623,5.61%,170400.06,Y,0,0,R,-,,N,-,buy,-,26-03-19,216.58,22.66,12.20,3.2%,3.2%,"转债占流动市值比：3.2%
转债占总市值比：3.2%",0.00,300631,sz123047,有效期：-；质押代码：123047,123047；2020-09-28 开始转股,全价：218.623 最后更新：15:14:03
123042,银河转债,sz300619,金银河,C,24.38,2021-06-24,2020-07-20,2026-01-13,2024-01-15,,,100.000,y,31.67,30,30,0,0.00,,,1032.41,110.000,n,130.000,15,30,30,,N,1.670,1.518,A+,A+,无担保,,,,szcy,2021年8月26日公告：本次（2021年8月5日至2021年8月25日）不行使提前赎回权利，至2021年12月31日均不提前赎回,,123042,123042,2.2316,380619,370619,,N,N,49.650,buy,,,7.56,N,74685686.0,56620864.0,Y,53.89,35692.32,16.52%,00,buy,buy,buy,15:14:03,221.04,-1.96%,4.290,-13.91%,-14.41%,216.700,216.700,7.14%,340458.05,Y,0,0,G,-,,N,-,buy,-,26-01-13,214.74,31.69,17.07,5.0%,3.8%,"转债占流动市值比：5.0%
转债占总市值比：3.8%",0.00,300619,sz123042,有效期：-；质押代码：123042,123042；2020-07-20 开始转股,全价：216.700 最后更新：15:14:03
113039,嘉泽转债,sh601619,嘉泽新能,C,3.46,2021-06-11,2021-03-01,2026-08-23,2024-08-23,,,100.000,y,39.70,30,30,0,0.00,,,352.27,108.000,n,130.000,15,30,25,,N,13.000,3.572,AA,AA,无担保,,,,shmb,2021年9月15日公告：本次（2021年8月25日至2021年9月14日）不行使提前赎回权利，至2021年12月14日均不提前赎回,,113039,113039,0.6260,764619,783619,,N,N,76.530,buy,,,3.22,N,2361555548.0,2292585548.0,Y,6.10,119980.06,8.73%,00,buy,buy,buy,15:00:00,176.30,-1.74%,4.899,-8.51%,-8.92%,173.230,173.230,7.44%,215156.41,Y,0,0,G,-,,N,-,buy,-,26-08-23,171.49,4.50,2.42,2.6%,2.5%,"转债占流动市值比：2.6%
转债占总市值比：2.5%",0.00,601619,sh113039,有效期：-；质押代码：113039,113039；2021-03-01 开始转股,全价：173.230 最后更新：15:00:00
123028,清水转债,sz300437,清水源,C,11.84,2020-06-15,2019-12-25,2025-06-18,2023-06-19,,,100.000,y,41.84,30,30,0,0.00,,,863.03,115.000,n,130.000,15,30,12,,X,4.900,3.134,A+,A+,无担保,,,,szcy,,,123028,123028,2.2443,380437,370437,,N,N,33.080,buy,,,3.79,N,221268763.0,140016263.0,Y,19.81,69284.57,-2.46%,00,buy,buy,buy,15:14:03,167.31,-1.63%,3.718,-8.12%,-8.97%,164.580,164.580,1.59%,461325.37,Y,0,0,,-,,N,-,buy,-,25-06-18,162.95,15.39,8.29,11.3%,7.1%,"转债占流动市值比：11.3%
转债占总市值比：7.1%",0.00,300437,sz123028,有效期：-；质押代码：123028,123028；2019-12-25 开始转股,全价：164.580 最后更新：15:14:03
113549,白电转债,sh603861,白云电器,C,8.83,2021-08-25,2020-05-21,2025-11-14,2023-11-14,,,100.000,y,52.16,30,30,0,0.00,,,22.03,110.000,n,130.000,15,30,10,,X,8.800,8.158,AA,AA,无担保,,,,shmb,,,113549,113549,1.9470,753861,753861,,N,N,62.480,buy,,,1.96,N,439057790.0,412782930.0,Y,11.85,7257.17,3.95%,00,buy,buy,buy,14:59:59,134.20,-1.38%,4.126,-3.46%,-4.06%,132.350,132.350,2.50%,23734.99,Y,0,0,,-,,N,-,buy,-,25-11-14,130.97,11.48,6.18,16.7%,15.7%,"转债占流动市值比：16.7%
转债占总市值比：15.7%",0.00,603861,sh113549,有效期：-；质押代码：113549,113549；2020-05-21 开始转股,全价：132.350 最后更新：14:59:59
127029,中钢转债,sz000928,中钢国际,C,5.79,2021-09-24,2021-09-27,2027-03-18,2025-03-18,,,100.000,y,48.02,30,30,0,0.00,,,27.84,113.000,n,130.000,15,30,4,,X,9.600,8.424,AA+,AA+,无,,,,szmb,,,127029,127029,0.7639,080928,070928,,N,N,20.710,buy,R,,1.80,N,1256662942.0,1256631742.0,Y,8.44,23905.90,5.11%,00,buy,buy,buy,15:14:03,145.77,-1.21%,5.466,-3.70%,-4.23%,144.001,144.001,3.89%,33608.96,Y,0,0,,-,,N,-,buy,-,27-03-18,142.79,7.53,4.05,7.9%,7.9%,"转债占流动市值比：7.9%
转债占总市值比：7.9%",0.00,000928,sz127029,有效期：-；质押代码：127029,127029；2021-09-27 开始转股,全价：144.001 最后更新：15:14:03
110048,福能转债,sh600483,福能股份,C,7.85,2021-07-28,2019-06-13,2024-12-06,2022-12-07,,,100.000,y,30.13,30,30,0,0.00,,,31.66,109.000,n,130.000,15,30,30,,N,28.300,16.555,AA+,AA+,无担保,,,,shmb,2021年7月7日公告：本次（2021年6月9日至2021年7月6日）不行使福能转债的提前赎回权利，至2021年10月6日均不提前赎回,,110048,110048,1.8230,704483,733483,,N,N,32.130,buy,R,,2.03,N,1868904151.0,1660363195.0,Y,18.24,82030.19,1.33%,00,buy,buy,buy,14:59:59,232.36,-1.15%,3.186,-20.20%,-20.75%,229.680,229.680,-0.14%,119896.98,Y,0,0,G,-,,N,-,buy,-,24-12-06,228.53,10.21,5.50,5.5%,4.9%,"转债占流动市值比：5.5%
转债占总市值比：4.9%",0.00,600483,sh110048,有效期：-；质押代码：110048,110048；2019-06-13 开始转股,全价：229.680 最后更新：14:59:59
123067,斯莱转债,sz300382,斯莱克,C,9.36,2021-06-30,2021-03-23,2026-09-16,2024-09-16,,,100.000,y,26.08,30,30,0,0.00,,,52.24,115.000,n,130.000,15,30,30,,N,3.880,3.138,AA-,AA-,无担保,,,,szcy,2021年8月24日公告：本次（2021年2月24日至2021年8月23日）不行使提前赎回权利，至2021年11月24日均不提前赎回,,123067,123067,0.6940,380382,370382,,N,N,19.960,buy,,,12.82,N,564575158.0,564517333.0,Y,25.12,21678.50,7.40%,00,buy,buy,buy,15:14:03,268.38,-0.95%,4.964,-14.91%,-15.48%,265.815,265.815,7.36%,43260.67,Y,0,0,G,-,,N,-,buy,-,26-09-16,264.87,12.17,6.55,2.2%,2.2%,"转债占流动市值比：2.2%
转债占总市值比：2.2%",0.00,300382,sz123067,有效期：-；质押代码：123067,123067；2021-03-23 开始转股,全价：265.815 最后更新：15:14:03
110074,精达转债,sh600577,精达股份,C,3.73,2021-04-26,2021-02-25,2026-08-18,2024-08-19,,,100.000,y,36.62,30,30,0,0.00,,,62.99,112.000,n,130.000,15,30,30,,N,7.870,5.486,AA,AA,无担保,,,,shmb,2021年6月16日公告：本次（2021年5月21日至2021年6月15日）不行使精达转债的提前赎回权利，至2021年12月15日前均不提前赎回,,110074,110074,0.4090,704577,733577,,N,N,62.152,buy,R,,3.41,N,1980501306.0,1980501306.0,Y,7.13,49764.12,8.69%,00,buy,buy,buy,15:00:00,191.15,-0.84%,4.885,-9.56%,-10.09%,189.550,189.550,8.71%,64941.34,Y,0,0,G,-,,N,-,buy,-,26-08-18,188.71,4.85,2.61,3.9%,3.9%,"转债占流动市值比：3.9%
转债占总市值比：3.9%",0.00,600577,sh110074,有效期：-；质押代码：110074,110074；2021-02-25 开始转股,全价：189.550 最后更新：15:00:00
123102,华自转债,sz300490,华自科技,C,9.25,2021-07-26,2021-09-22,2027-03-11,2025-03-11,,,100.000,y,30.80,30,30,0,0.00,,,178.35,119.000,n,130.000,15,30,7,,X,6.700,4.079,AA-,AA-,无,,,,szcy,,,123102,123102,2.6154,380490,370490,,N,N,18.610,buy,,,3.04,N,274513779.0,267900634.0,Y,21.02,52159.39,4.47%,00,buy,buy,buy,15:14:03,227.24,-0.77%,5.447,-10.21%,-10.90%,225.500,225.500,5.13%,163219.49,Y,0,0,,-,,N,-,buy,-,27-03-11,224.73,12.03,6.47,7.2%,7.1%,"转债占流动市值比：7.2%
转债占总市值比：7.1%",0.00,300490,sz123102,有效期：-；质押代码：123102,123102；2021-09-22 开始转股,全价：225.500 最后更新：15:14:03
128085,鸿达转债,sz002002,鸿达兴业,C,3.91,2021-06-22,2020-06-22,2025-12-16,2023-12-18,,,100.000,y,49.05,30,30,0,0.00,,,40.18,118.000,n,130.000,15,30,30,,X,24.270,3.604,B,B,无担保,,,,szmb,,,128085,128085,0.9374,082002,072002,,N,N,26.280,buy,R,,1.75,N,3009208321.0,3005326667.0,Y,5.58,47725.58,1.64%,00,buy,buy,buy,15:14:03,142.71,-0.58%,4.214,-3.14%,-4.06%,141.880,141.880,2.04%,20566.88,Y,0,0,B,-,,N,-,buy,-,25-12-16,141.30,5.08,2.74,2.1%,2.1%,"转债占流动市值比：2.1%
转债占总市值比：2.1%",0.00,002002,sz128085,有效期：-；质押代码：128085,128085；2020-06-22 开始转股,全价：141.880 最后更新：15:14:03
110033,国贸转债,sh600755,厦门国贸,C,6.72,2021-07-05,2016-07-05,2022-01-05,2020-01-05,,,100.000,y,60.31,30,30,0,0.63,2021-10-08,2021-10-08,21.38,108.000,n,130.000,15,30,15,,Y,28.000,3.576,AAA,AAA,无担保,,,,shmb,,,110033,110033,1.6820,,,,N,N,,buy,R,,0.56,Y,1958821426.0,1962133533.0,Y,7.80,28877.52,-0.51%,00,buy,buy,buy,14:59:57,116.07,-0.47%,0.266,-24.50%,-29.71%,115.530,115.530,-0.80%,8833.15,Y,1,1,O,-,,N,-,buy,-,22-01-05,115.06,8.74,4.70,2.3%,2.3%,"转债占流动市值比：2.3%
转债占总市值比：2.3%",0.00,600755,sh110033,有效期：2021-10-08 到 2021-10-08；质押代码：110033,110033；2016-07-05 开始转股,全价：115.530 最后更新：14:59:57
123051,今天转债,sz300532,今天国际,C,8.70,2021-05-12,2020-12-10,2026-06-03,2024-06-03,,,100.000,y,64.24,30,30,0,0.00,,,42.59,116.000,n,130.000,15,30,13,2021-10-14,Y,2.800,1.884,A+,A+,无担保,,,,szcy,"最后交易日：2021年10月14日
最后转股日：2021年10月14日
赎回价：100.29元/张",100.290,123051,123051,1.0249,380532,370532,,N,N,76.800,buy,,,3.06,N,280320078.0,170683800.0,Y,9.48,5099.61,4.64%,00,buy,buy,buy,15:14:03,108.97,-0.44%,4.677,2.66%,1.82%,108.489,108.489,3.18%,8655.66,Y,0,0,R,-,,N,-,buy,-,26-06-03,108.05,11.31,6.09,11.6%,7.1%,"转债占流动市值比：11.6%
转债占总市值比：7.1%",0.00,300532,sz123051,有效期：-；质押代码：123051,123051；2020-12-10 开始转股,全价：108.489 最后更新：15:14:03
118000,嘉元转债,sh688388,嘉元科技,C,78.74,2021-05-06,2021-09-01,2027-02-22,2025-02-24,,,100.000,y,38.79,30,30,0,0.00,,,45.15,115.000,n,130.000,15,30,20,,N,12.400,12.368,AA-,AA-,无,,,,shkc,2021年9月24日公告：本次（2021年9月1日至2021年9月23日）不提前赎回，至2021年12月24日均不提前赎回,,118000,118000,5.3700,726388,718388,,N,N,70.922,buy,R,,10.84,N,230876000.0,167551600.0,Y,142.11,72604.89,12.07%,00,buy,buy,buy,14:59:56,180.48,-0.42%,5.400,-7.19%,-7.78%,179.720,179.720,9.92%,99505.37,Y,0,0,G,-,,N,-,buy,-,27-02-22,179.30,102.36,55.12,5.2%,3.8%,"转债占流动市值比：5.2%
转债占总市值比：3.8%",0.00,688388,sh118000,有效期：-；质押代码：118000,118000；2021-09-01 开始转股,全价：179.720 最后更新：14:59:56
113528,长城转债,sh603897,长城科技,C,23.35,2021-05-26,2019-09-09,2025-03-01,2023-03-01,,,100.000,y,31.02,30,30,0,0.00,,,95.75,112.000,n,130.000,15,30,30,,N,6.340,5.169,AA-,AA-,无担保,2021-09-29,2021-10-14,2021-09-29 至 2021-10-14 期间暂停转股：权益分派股权登记,shmb,2021年8月20日公告：本次（2021年8月2日至2021年8月20日）不行使提前赎回权利，至2021年11月20日均不提前赎回,,113528,113528,3.5530,753897,754897,,N,N,53.900,buy,,,4.39,N,181977144.0,183413673.0,Y,52.70,30290.76,5.32%,00,buy,buy,buy,15:00:00,225.70,-0.37%,3.419,-17.73%,-18.38%,224.850,224.850,5.53%,111003.62,N,0,0,G,-,,N,-,buy,-,25-03-01,224.48,30.36,16.34,5.3%,5.4%,"转债占流动市值比：5.3%
转债占总市值比：5.4%",0.00,603897,sh113528,有效期：-；质押代码：113528,113528；2019-09-09 开始转股;2021-09-29 至 2021-10-14 期间暂停转股：权益分派股权登记,全价：224.850 最后更新：15:00:00
128141,旺能转债,sz002034,旺能环境,C,15.97,2021-05-31,2021-06-23,2026-12-16,2024-12-16,,,100.000,y,51.02,30,30,0,0.00,,,23.49,110.000,n,130.000,15,30,6,,X,14.000,12.771,AA,AA,无担保,,,,szmb,,,128141,128141,3.3225,082034,072034,,N,N,69.760,buy,,,1.89,N,421368896.0,417790108.0,Y,21.91,29840.76,1.15%,00,buy,buy,buy,15:14:03,137.19,-0.36%,5.214,-3.30%,-3.79%,136.700,136.700,0.81%,41173.70,Y,0,0,,-,,N,-,buy,-,26-12-16,136.34,20.76,11.18,14.0%,13.8%,"转债占流动市值比：14.0%
转债占总市值比：13.8%",0.00,002034,sz128141,有效期：-；质押代码：128141,128141；2021-06-23 开始转股,全价：136.700 最后更新：15:14:03
132018,G三峡EB1,sh600900,长江电力,E,16.74,2021-07-16,2020-04-13,2024-04-09,2023-04-10,,,100.000,y,53.26,30,30,0,0.84,2021-10-08,2021-10-08,2.98,108.000,y,120.000,15,30,13,,X,200.000,165.601,AAA,AAA,长江电力A股股票及其孳息,,,,shmb,,,132018,132018,,,759001,,N,N,100.000,buy,R,,3.03,N,22741859230.0,22741859230.0,Y,22.00,216043.34,-0.54%,00,buy,buy,buy,14:59:57,131.42,-0.26%,2.526,-6.91%,-7.55%,130.840,131.080,0.35%,64154.32,Y,0,0,,-,,N,-,buy,-,24-04-09,130.58,20.09,11.72,3.3%,3.3%,"转债占流动市值比：3.3%
转债占总市值比：3.3%",0.00,600900,sh132018,有效期：2021-10-08 到 2021-10-08；质押代码：132018,132018；2020-04-13 开始转股,全价：131.080 最后更新：14:59:57
113585,寿仙转债,sh603896,寿仙谷,C,28.38,2021-06-30,2020-12-15,2026-06-08,2024-06-10,,,100.000,y,50.68,30,30,0,0.00,,,14.75,112.000,n,130.000,15,30,30,,N,3.600,1.059,AA-,AA-,连带责任保证,,,,shmb,2021年9月1日公告：本次（2021年8月11日至2021年8月31日）不行使提前赎回权利，至2022年2月28日均不提前赎回,,113585,113585,2.5080,753896,754896,,N,N,82.309,buy,,,4.15,N,151621339.0,151621339.0,Y,39.20,1514.39,-0.76%,00,buy,buy,buy,14:59:47,138.13,-0.25%,4.690,-3.44%,-4.05%,137.780,137.780,-0.85%,2166.04,Y,0,0,G,-,,N,-,buy,-,26-06-08,137.53,36.89,19.87,1.8%,1.8%,"转债占流动市值比：1.8%
转债占总市值比：1.8%",0.00,603896,sh113585,有效期：-；质押代码：113585,113585；2020-12-15 开始转股,全价：137.780 最后更新：14:59:47
128096,奥瑞转债,sz002701,奥瑞金,C,4.50,2021-06-09,2020-08-17,2026-02-11,2024-02-12,,,100.000,y,49.37,30,30,0,0.00,,,58.53,110.000,n,130.000,15,30,17,,N,10.870,6.739,AA+,AA+,无担保,,,,szmb,2021年9月16日公告：本次（2021年8月11日至2021年9月14日）不提前赎回奥瑞转债，至2021年12月31日均不提前赎回,,128096,128096,0.4614,082701,072701,,N,N,58.210,buy,R,,2.18,N,2423749549.0,2421535673.0,Y,6.38,64064.41,10.00%,00,buy,buy,buy,15:14:03,141.78,0.02%,4.370,-4.68%,-5.27%,141.800,141.800,6.86%,55837.10,Y,0,0,G,-,,N,-,buy,-,26-02-11,141.82,5.85,3.15,4.4%,4.4%,"转债占流动市值比：4.4%
转债占总市值比：4.4%",0.00,002701,sz128096,有效期：-；质押代码：128096,128096；2020-08-17 开始转股,全价：141.800 最后更新：15:14:03
120004,20华菱EB,sz000932,华菱钢铁,E,4.92,,2021-08-26,2025-01-08,2024-01-09,,,100.000,y,51.95,30,30,0,0.77,2021-10-08,2021-10-08,4.87,110.000,y,130.000,15,30,24,2021-10-21,Y,15.000,10.488,AAA,AAA,,,,,szmb,"最后交易日；2021年10月21日
最后转股日：2021年10月21日
赎回价：100.7836元/张",100.784,120004,120004,,,,,Q,Q,,buy,R,,1.15,N,6908632499.0,5717943441.0,Y,6.63,68149.64,1.84%,00,buy,buy,buy,15:14:03,134.76,0.03%,3.277,-5.06%,-5.77%,134.790,134.790,1.35%,6816.15,Y,0,0,R,-,,N,-,buy,-,25-01-08,134.82,6.40,3.44,2.8%,2.3%,"转债占流动市值比：2.8%
转债占总市值比：2.3%",0.00,000932,sz120004,有效期：2021-10-08 到 2021-10-08；质押代码：120004,120004；2021-08-26 开始转股,全价：134.790 最后更新：15:14:03
132014,18中化EB,sh601117,中国化学,E,7.39,2021-09-10,2019-04-25,2023-04-24,2022-04-24,,,100.000,y,47.90,30,30,0,0.91,2021-10-08,2021-10-08,3.52,106.000,y,130.000,15,30,30,,N,35.000,15.970,AAA,AAA,预备用于交换的中国化学股票设定为本次债券的担保物,,,,shmb,2021年8月19日公告：本次（2021年7月8日至2021年8月18日）不提前赎回,,132014,132014,,,,,Q,Q,,buy,R,,1.71,N,6109470588.0,4933000000.0,Y,10.80,62784.29,2.56%,00,buy,buy,buy,14:51:32,146.14,0.04%,1.564,-17.78%,-18.53%,145.810,146.205,2.97%,8164.89,Y,0,0,G,-,,N,-,buy,-,23-04-24,145.85,9.61,5.17,3.0%,2.4%,"转债占流动市值比：3.0%
转债占总市值比：2.4%",0.00,601117,sh132014,有效期：2021-10-08 到 2021-10-08；质押代码：132014,132014；2019-04-25 开始转股,全价：146.205 最后更新：14:51:32
113016,小康转债,sh601127,小康股份,C,16.96,2021-07-05,2018-05-11,2023-11-06,2021-11-06,,,100.000,y,19.99,30,30,0,0.00,,,122.49,106.000,n,130.000,15,30,30,,N,15.000,2.073,AA-,AA-,无担保,,,,shmb,2021年4月2日公告：本次不行使提前赎回权利，不提前赎回；至2022年4月2日均不提前赎回,,113016,113016,1.6490,764127,783127,,N,N,89.391,buy,R,,10.34,N,1358033873.0,974285475.0,Y,59.38,90557.82,1.97%,00,buy,buy,buy,14:59:59,350.12,0.10%,2.101,-43.02%,-43.40%,350.480,350.480,0.72%,90497.63,Y,1,1,G,-,,N,-,buy,-,23-11-06,350.58,22.05,11.87,0.4%,0.3%,"转债占流动市值比：0.4%
转债占总市值比：0.3%",0.00,601127,sh113016,有效期：-；质押代码：113016,113016；2018-05-11 开始转股,全价：350.480 最后更新：14:59:59
123071,天能转债,sz300569,天能重工,C,7.91,2021-08-02,2021-04-27,2026-10-20,2024-10-21,,,100.000,y,44.55,30,30,0,0.00,,,104.15,115.000,n,130.000,15,30,19,,X,7.000,6.946,AA-,AA-,无担保,,,,szcy,,,123071,123071,1.7863,380569,370569,,N,N,70.512,buy,,,3.94,N,792555619.0,498643517.0,Y,12.43,66648.55,1.39%,00,buy,buy,buy,15:14:03,157.14,0.10%,5.058,-5.14%,-5.79%,157.300,157.300,2.14%,112403.13,Y,1,1,B,-,,N,-,buy,-,26-10-20,157.40,10.28,5.54,11.2%,7.1%,"转债占流动市值比：11.2%
转债占总市值比：7.1%",0.00,300569,sz123071,有效期：-；质押代码：123071,123071；2021-04-27 开始转股,全价：157.300 最后更新：15:14:03
113568,新春转债,sh603667,五洲新春,C,8.75,2021-06-15,2020-09-14,2026-03-05,2024-03-05,,,100.000,y,33.84,30,30,0,0.00,,,90.76,118.000,n,130.000,15,30,30,,N,3.300,2.544,AA-,AA-,无担保,,,,shmb,2021年8月10日公告：本次（2021年7月12日至2021年8月10日）不行使提前赎回权利，至2022年2月10日均不提前赎回,,113568,113568,1.1600,753667,754667,,N,N,15.920,buy,,,2.94,N,297705802.0,261598514.0,Y,18.10,13116.62,6.16%,00,buy,buy,buy,14:59:54,206.86,0.15%,4.430,-11.11%,-11.88%,207.170,207.170,6.61%,47374.82,Y,0,0,G,-,,N,-,buy,-,26-03-05,207.32,11.38,6.12,5.4%,4.7%,"转债占流动市值比：5.4%
转债占总市值比：4.7%",0.00,603667,sh113568,有效期：-；质押代码：113568,113568；2020-09-14 开始转股,全价：207.170 最后更新：14:59:54
123086,海兰转债,sz300065,海兰信,C,7.27,2021-07-15,2021-06-17,2026-12-10,2024-12-10,,,100.000,y,45.12,30,30,0,0.00,,,41.10,118.000,n,130.000,15,30,30,,N,7.300,6.077,AA-,AA-,无担保,,,,szcy,2021年9月13日公告：本次（2021年8月11日至2021年9月10日）不行使提前赎回权利，至2021年12月31日均不提前赎回,,123086,123086,1.8358,380065,370065,,N,N,59.780,buy,R,,4.22,N,612505916.0,513358032.0,Y,11.28,31043.96,3.20%,00,buy,buy,buy,15:14:03,155.16,0.22%,5.197,-4.42%,-5.12%,155.498,155.498,3.11%,39243.13,Y,1,1,G,-,,N,-,buy,-,26-12-10,155.72,9.45,5.09,10.5%,8.8%,"转债占流动市值比：10.5%
转债占总市值比：8.8%",0.00,300065,sz123086,有效期：-；质押代码：123086,123086；2021-06-17 开始转股,全价：155.498 最后更新：15:14:03
123103,震安转债,sz300767,震安科技,C,56.89,2021-06-11,2021-09-22,2027-03-11,2025-03-11,,,100.000,y,36.53,30,30,0,0.00,,,54.32,115.000,n,130.000,15,30,7,,X,2.850,2.714,A+,A+,无,,,,szcy,,,123103,123103,1.9791,380767,370767,,N,N,53.950,buy,,,17.70,N,201600000.0,117711907.0,Y,109.00,26709.56,-0.44%,00,buy,buy,buy,15:14:03,191.60,0.23%,5.447,-8.23%,-8.81%,192.041,192.041,-0.50%,28581.76,Y,0,0,,-,,N,-,buy,-,27-03-11,192.27,73.96,39.82,2.1%,1.2%,"转债占流动市值比：2.1%
转债占总市值比：1.2%",0.00,300767,sz123103,有效期：-；质押代码：123103,123103；2021-09-22 开始转股,全价：192.041 最后更新：15:14:03
113527,维格转债,sh603518,锦泓集团,C,9.85,2020-08-05,2019-07-30,2025-01-23,2023-01-23,,,100.000,y,48.05,30,30,0,0.00,,,54.20,115.000,n,130.000,15,30,30,,N,7.460,2.868,AA,AA,无担保,,,,shmb,2021年9月18日公告：本次不行使赎回权，至2021年12月17日公司均不行使维格转债的提前赎回权利,,113527,113527,4.1310,753518,754518,,N,N,4.910,buy,,,1.73,N,283025178.0,283025178.0,Y,14.35,3673.76,3.76%,00,buy,buy,buy,14:59:55,145.69,0.47%,3.318,-6.04%,-6.97%,146.370,146.370,1.39%,22915.54,Y,1,1,G,-,,N,-,buy,-,25-01-23,146.84,12.80,6.89,7.1%,7.1%,"转债占流动市值比：7.1%
转债占总市值比：7.1%",0.00,603518,sh113527,有效期：-；质押代码：113527,113527；2019-07-30 开始转股,全价：146.370 最后更新：14:59:55
128018,时达转债,sz002527,新时达,C,7.36,2021-07-21,2018-05-10,2023-11-06,2021-11-06,,,100.000,y,64.97,30,30,0,0.00,,,12.74,106.000,n,130.000,15,30,16,2021-10-27,Y,8.825,3.575,AA,AA,无担保,,,,szmb,"最后交易日：2021年10月27日
最后转股日：2021年10月27日
赎回价：101.46元/张",101.460,128018,128018,1.4230,082527,072527,,N,N,74.039,buy,,,1.78,N,622787221.0,488733661.0,Y,7.93,4948.09,1.28%,00,buy,buy,buy,15:14:03,107.74,0.55%,2.101,0.43%,-0.40%,108.340,108.340,1.72%,4904.97,Y,1,1,R,-,,N,-,buy,-,23-11-06,108.89,9.57,5.15,9.2%,7.2%,"转债占流动市值比：9.2%
转债占总市值比：7.2%",0.00,002527,sz128018,有效期：-；质押代码：128018,128018；2018-05-10 开始转股,全价：108.340 最后更新：15:14:03
113525,台华转债,sh603055,台华新材,C,7.78,2021-05-28,2019-06-21,2024-12-16,2022-12-17,,,100.000,y,33.25,30,30,0,0.00,,,206.38,110.000,n,130.000,15,30,30,,N,5.330,2.219,AA,AA,无担保,,,,shmb,2021年9月7日公告：本次（2021年8月17日至2021年9月6日）不行使提前赎回权利，至2021年12月6日均不提前赎回,,113525,113525,0.9730,753055,754055,,N,N,29.060,buy,,,4.37,N,859772218.0,795569750.0,Y,16.38,12772.97,10.01%,00,buy,buy,buy,15:00:00,210.54,0.67%,3.214,-17.76%,-18.36%,211.950,211.950,10.58%,94253.08,Y,0,0,G,-,,N,-,buy,-,24-12-16,212.62,10.11,5.45,1.7%,1.6%,"转债占流动市值比：1.7%
转债占总市值比：1.6%",0.00,603055,sh113525,有效期：-；质押代码：113525,113525；2019-06-21 开始转股,全价：211.950 最后更新：15:00:00
113607,伟20转债,sh603568,伟明环保,C,21.71,2021-07-06,2021-05-06,2026-11-01,2024-11-01,,,100.000,y,55.06,30,30,0,0.00,,,5.72,110.000,n,130.000,20,30,16,,X,12.000,10.951,AA,AA,无担保,,,,shmb,,,113607,113607,0.9540,753568,754568,,N,N,91.110,buy,R,,6.00,N,1256542551.0,1256542551.0,Y,27.60,7335.01,-0.29%,00,buy,buy,buy,14:59:49,127.13,0.69%,5.090,-2.11%,-2.62%,128.010,128.010,-0.07%,8013.14,Y,0,0,,-,,N,-,buy,-,26-11-01,128.70,28.22,15.20,3.2%,3.2%,"转债占流动市值比：3.2%
转债占总市值比：3.2%",0.00,603568,sh113607,有效期：-；质押代码：113607,113607；2021-05-06 开始转股,全价：128.010 最后更新：14:59:49
123084,高澜转债,sz300499,高澜股份,C,9.01,2021-09-22,2021-06-16,2026-12-09,2024-12-09,,,100.000,y,50.06,30,30,0,0.00,,,75.13,115.000,n,130.000,15,30,29,,N,2.800,2.679,A+,A+,无担保,,,,szcy,2021年9月22日公告： 本次（2021年8月30日至2021年9月17日）不行使提前赎回权利，至2021年12月31日前均不提前赎回,,123084,123084,1.0061,380499,370499,,N,N,67.220,buy,,,3.84,N,279308845.0,239149148.0,Y,12.60,13151.98,9.57%,00,buy,buy,buy,15:14:03,139.84,0.90%,5.195,-2.84%,-3.52%,141.100,141.100,4.11%,28636.81,Y,1,1,G,-,,N,-,buy,-,26-12-09,142.00,11.71,6.31,8.9%,7.6%,"转债占流动市值比：8.9%
转债占总市值比：7.6%",0.00,300499,sz123084,有效期：-；质押代码：123084,123084；2021-06-16 开始转股,全价：141.100 最后更新：15:14:03
128082,华锋转债,sz002806,华锋股份,C,9.13,2021-03-23,2020-06-10,2025-12-03,2023-12-04,,,100.000,y,47.06,30,30,0,0.00,,,50.32,115.000,n,130.000,15,30,30,,N,3.520,2.173,A,A,土地、房产、机器设备等资产抵 押和股份质押担保,,,,szmb,2021年8月31日公告：本次（2021年7月12日至2021年8月20日）不行使提前赎回权利，至2021年12月31日均不提前赎回,,128082,128082,1.9995,082806,072806,,N,N,5.530,buy,,,2.37,N,190345533.0,172473328.0,Y,13.58,6877.48,2.72%,00,buy,buy,buy,15:14:03,148.74,0.98%,4.178,-5.09%,-5.90%,150.193,150.193,3.50%,16274.43,Y,2,2,G,-,,N,-,buy,-,25-12-03,151.17,11.87,6.39,9.3%,8.4%,"转债占流动市值比：9.3%
转债占总市值比：8.4%",0.00,002806,sz128082,有效期：-；质押代码：128082,128082；2020-06-10 开始转股,全价：150.193 最后更新：15:14:03
123083,朗新转债,sz300682,朗新科技,C,15.40,2021-09-17,2021-06-15,2026-12-08,2024-12-09,,,100.000,y,41.75,30,30,0,0.00,,,35.67,110.000,n,130.000,15,30,19,,N,8.000,7.844,AA,AA,无担保,,,,szcy,2021年9月24日公告：本次（2021年8月12日至2021年9月24日）本次不行使提前赎回权利，不提前赎回,,123083,123083,0.7833,380682,370682,,N,N,77.260,buy,,,4.94,N,1030837961.0,716469519.0,Y,25.82,24494.04,5.65%,00,buy,buy,buy,15:14:03,167.66,1.00%,5.192,-7.29%,-7.75%,169.339,169.339,7.17%,46556.83,Y,0,0,G,-,,N,-,buy,-,26-12-08,170.34,20.02,10.78,4.2%,2.9%,"转债占流动市值比：4.2%
转债占总市值比：2.9%",0.00,300682,sz123083,有效期：-；质押代码：123083,123083；2021-06-15 开始转股,全价：169.339 最后更新：15:14:03
120003,19华菱EB,sz000932,华菱钢铁,E,4.47,,2021-08-26,2024-11-22,2023-11-24,,,100.000,y,47.19,30,30,0,0.84,2021-10-08,2021-10-08,0.57,110.000,y,130.000,15,30,24,2021-10-21,Y,20.000,11.857,AAA,AAA,华菱钢铁A股股票及其孳息,,,,szmb,"最后交易日：2021年10月21日
最后转股日；2021年10月21日
赎回价：100.9068元/张",100.907,120003,120003,,,,,Q,Q,,buy,R,,1.15,N,6908632499.0,5717943441.0,Y,6.63,68149.64,1.84%,00,buy,buy,buy,15:14:03,148.32,1.13%,3.148,-8.47%,-9.18%,149.999,149.999,2.74%,1004.65,Y,0,0,R,-,,N,-,buy,-,24-11-22,151.13,5.81,3.13,3.1%,2.6%,"转债占流动市值比：3.1%
转债占总市值比：2.6%",0.00,000932,sz120003,有效期：2021-10-08 到 2021-10-08；质押代码：120003,120003；2021-08-26 开始转股,全价：149.999 最后更新：15:14:03
113034,滨化转债,sh601678,滨化股份,C,4.58,2021-05-27,2020-10-16,2026-04-09,2024-04-09,,,100.000,y,31.49,30,30,0,0.00,,,83.76,110.000,n,130.000,15,30,30,,N,24.000,4.682,AA,AA,无担保,,,,shmb,2021年8月31日公告：本次（自2021年8月11日至2021年8月31日）不提前赎回，至2021年11月30日前均不提前赎回,,113034,113034,1.5770,764678,783678,,N,N,51.730,buy,R,,2.10,N,1950325663.0,1950325663.0,Y,10.18,100238.38,4.20%,00,buy,buy,buy,14:59:59,222.27,1.19%,4.526,-14.01%,-14.48%,224.910,224.910,3.12%,88904.96,Y,0,0,G,-,,N,-,buy,-,26-04-09,226.10,5.95,3.21,2.4%,2.4%,"转债占流动市值比：2.4%
转债占总市值比：2.4%",0.00,601678,sh113034,有效期：-；质押代码：113034,113034；2020-10-16 开始转股,全价：224.910 最后更新：14:59:59
128128,齐翔转2,sz002408,齐翔腾达,C,5.69,2021-09-29,2021-02-26,2026-08-19,2024-08-19,,,100.000,y,32.81,30,30,0,0.00,,,12.80,110.000,n,130.000,15,30,30,,N,29.900,8.732,AA,AA,无担保,,,,szmb,2021年8月7日公告，本次（2021年7月16日起至2021年8月5日）不行使提前赎回权利，至2021年12月31日公司均不提前赎回,,128128,128128,1.7102,082408,072408,,N,N,76.460,buy,R,,2.92,N,2808766436.0,2738919828.0,Y,12.14,67866.33,0.08%,00,buy,buy,buy,15:14:03,213.36,1.19%,4.888,-12.27%,-12.72%,215.900,215.900,-0.55%,24317.49,Y,0,0,G,-,,N,-,buy,-,26-08-19,217.09,7.40,3.98,2.6%,2.6%,"转债占流动市值比：2.6%
转债占总市值比：2.6%",0.00,002408,sz128128,有效期：-；质押代码：128128,128128；2021-02-26 开始转股,全价：215.900 最后更新：15:14:03
128111,中矿转债,sz002738,中矿资源,C,15.42,2021-06-23,2020-12-17,2026-06-10,2024-06-10,,,100.000,y,19.07,30,30,0,0.00,,,190.67,118.000,n,130.000,15,30,30,,N,8.000,1.515,AA-,AA-,无担保,,,,szmb,2021年1月28日公告，本次（2020年12月17日至2021年1月28日）不行使提前赎回权利不提前赎回，至2022年1月28日前均不提前赎回,,128111,128111,2.8784,082738,072738,,N,N,70.254,buy,,,5.17,N,322760681.0,312554775.0,Y,56.61,81609.49,7.05%,00,buy,buy,buy,15:14:03,367.12,1.95%,4.696,-21.24%,-21.86%,374.272,374.272,6.33%,107516.19,Y,0,0,G,-,,N,-,buy,-,26-06-10,376.22,20.05,10.79,0.9%,0.8%,"转债占流动市值比：0.9%
转债占总市值比：0.8%",0.00,002738,sz128111,有效期：-；质押代码：128111,128111；2020-12-17 开始转股,全价：374.272 最后更新：15:14:03
128130,景兴转债,sz002067,景兴纸业,C,3.40,,2021-03-04,2026-08-30,2024-08-30,,,100.000,y,65.86,30,30,0,0.00,,,7.93,110.000,n,130.000,15,30,2,,X,12.800,9.987,AA,AA,无担保,,,,szmb,,,128130,128130,1.1519,082067,072067,,N,N,53.140,buy,R,,0.95,N,1193923013.0,1056298013.0,Y,4.13,13419.14,0.49%,00,buy,buy,buy,15:14:03,121.47,2.02%,4.918,-1.57%,-2.09%,123.923,123.923,0.34%,9800.92,Y,0,0,,-,,N,-,buy,-,26-08-30,125.94,4.42,2.72,22.9%,20.3%,"转债占流动市值比：22.9%
转债占总市值比：20.3%",0.00,002067,sz128130,有效期：-；质押代码：128130,128130；2021-03-04 开始转股,全价：123.923 最后更新：15:14:03
123012,万顺转债,sz300057,万顺新材,C,5.27,2021-05-17,2019-01-26,2024-07-20,2022-07-20,,,100.000,y,45.83,30,30,0,0.00,,,84.07,106.000,n,130.000,15,30,30,,N,9.500,1.275,AA-,AA-,无担保,,,,szcy,2020年11月11日公告：本次（2020年9月21日至2020年11月9日）不提前赎回万顺转债，2021年2月9日前均不行使该权利,,123012,123012,2.1607,380057,370057,,N,N,2.190,buy,,,1.53,N,674652341.0,496968588.0,Y,8.05,8924.76,3.47%,00,buy,buy,buy,15:14:03,152.75,2.12%,2.805,-12.07%,-12.58%,155.990,155.990,2.19%,16688.46,Y,0,0,G,-,,N,-,buy,-,24-07-20,158.11,6.85,3.69,3.2%,2.3%,"转债占流动市值比：3.2%
转债占总市值比：2.3%",0.00,300057,sz123012,有效期：-；质押代码：123012,123012；2019-01-26 开始转股,全价：155.990 最后更新：15:14:03
110061,川投转债,sh600674,川投能源,C,9.20,2021-07-15,2020-05-15,2025-11-10,2023-11-10,,,100.000,y,44.82,30,30,0,0.81,2021-10-08,2021-10-08,4.80,106.000,n,130.000,15,30,17,,N,40.000,39.616,AAA,AAA,无担保,,,,shmb,2021年9月28日公告：本次（2021年9月6日至2021年9月28日）期间不行使提前赎回权利，至2022年9月28日均不提前赎回,,110061,110061,0.9080,704674,733674,,N,N,81.590,buy,R,,2.14,N,4406063276.0,4406063276.0,Y,14.37,44858.78,1.41%,00,buy,buy,buy,14:59:53,156.20,2.57%,4.115,-8.73%,-9.14%,160.210,160.210,-0.90%,30841.72,Y,0,0,G,-,,N,-,buy,-,25-11-10,162.78,11.96,6.44,6.3%,6.3%,"转债占流动市值比：6.3%
转债占总市值比：6.3%",0.00,600674,sh110061,有效期：2021-10-08 到 2021-10-08；质押代码：110061,110061；2020-05-15 开始转股,全价：160.210 最后更新：14:59:53
123069,金诺转债,sz300505,川金诺,C,19.09,2021-07-14,2021-04-22,2026-10-15,2024-10-15,,,100.000,y,35.69,30,30,0,0.00,,,997.34,120.000,n,130.000,15,30,30,,N,3.680,2.252,AA-,AA-,无担保,,,,szcy,2021年9月10日公告：本次（2021年8月23日至2021年9月10日）不行使金诺转债的提前赎回权利，不提前赎回,,123069,123069,2.8159,380505,370505,,N,N,76.337,buy,,,4.80,N,138136270.0,96529535.0,Y,37.44,65104.23,12.10%,00,buy,buy,buy,15:14:03,196.12,2.58%,5.044,-9.01%,-9.76%,201.180,201.180,9.93%,460543.77,Y,0,0,G,-,,N,-,buy,-,26-10-15,203.76,24.82,13.36,6.2%,4.4%,"转债占流动市值比：6.2%
转债占总市值比：4.4%",0.00,300505,sz123069,有效期：-；质押代码：123069,123069；2021-04-22 开始转股,全价：201.180 最后更新：15:14:03
123089,九洲转2,sz300040,九洲集团,C,5.68,2021-07-14,2021-06-25,2026-12-20,2024-12-20,,,100.000,y,34.72,30,30,0,0.00,,,481.09,115.000,n,130.000,15,30,30,,N,5.000,3.064,AA-,AA-,无担保,,,,szcy,2021年7月29日公告：本次（2021年6月17日至2021年7月28日）不行使九洲转2的提前赎回权利，至2021年10月29日均不提前赎回,,123089,123089,1.3144,380040,370040,,N,N,61.460,buy,,,2.78,N,587603672.0,455261046.0,Y,11.45,97758.86,6.91%,00,buy,buy,buy,15:14:03,201.58,2.69%,5.225,-9.93%,-10.52%,207.000,207.000,3.22%,310876.34,Y,0,0,G,-,,N,-,buy,-,26-12-20,209.69,7.38,3.98,5.9%,4.6%,"转债占流动市值比：5.9%
转债占总市值比：4.6%",0.00,300040,sz123089,有效期：-；质押代码：123089,123089；2021-06-25 开始转股,全价：207.000 最后更新：15:14:03
127027,靖远转债,sz000552,靖远煤电,C,3.23,2021-06-03,2021-06-16,2026-12-09,2024-12-09,,,100.000,y,58.42,30,30,0,0.00,,,12.72,110.000,n,130.000,15,30,0,,X,28.000,27.992,AA+,AA+,无担保,2021-09-27,2021-10-11,2021-09-27 至 2021-10-11 期间暂停转股：2021年中权益分派股权登记,szmb,,,127027,127027,1.2243,080552,070552,,N,N,35.200,buy,R,,1.06,N,2286971050.0,2283741262.0,Y,3.87,35603.76,7.50%,00,buy,buy,buy,15:14:03,119.81,2.99%,5.195,-1.32%,-1.84%,123.399,123.399,2.98%,43517.38,N,0,0,,-,,N,-,buy,-,26-12-09,126.39,4.20,2.26,31.7%,31.6%,"转债占流动市值比：31.7%
转债占总市值比：31.6%",0.00,000552,sz127027,有效期：-；质押代码：127027,127027；2021-06-16 开始转股;2021-09-27 至 2021-10-11 期间暂停转股：2021年中权益分派股权登记,全价：123.399 最后更新：15:14:03
123035,利德转债,sz300296,利亚德,C,6.96,2021-05-24,2020-05-20,2025-11-13,2023-11-13,,,100.000,y,47.03,30,30,0,0.00,,,38.11,110.000,n,130.000,15,30,28,,N,8.000,7.988,AA+,AA+,无担保,,,,szcy,2021年8月6日公告：本次（自2021年7月19日至2021年8月6日）不行使提前赎回的权利，至2022年2月6日均不提前赎回,,123035,123035,0.3174,380296,370296,,N,N,53.270,buy,R,,3.58,N,2542901478.0,1954097544.0,Y,10.36,105032.41,5.71%,00,buy,buy,buy,15:14:03,148.85,3.21%,4.123,-6.91%,-7.49%,153.630,153.630,4.42%,46537.53,Y,0,0,G,-,,N,-,buy,-,25-11-13,156.84,9.05,4.87,3.9%,3.0%,"转债占流动市值比：3.9%
转债占总市值比：3.0%",0.00,300296,sz123035,有效期：-；质押代码：123035,123035；2020-05-20 开始转股,全价：153.630 最后更新：15:14:03
110077,洪城转债,sh600461,洪城环境,C,6.71,2021-07-09,2021-05-26,2026-11-19,2024-11-19,,,100.000,y,55.52,30,30,0,0.00,,,3.20,110.000,n,130.000,15,30,8,,X,18.000,17.680,AA+,AA+,无担保,,,,shmb,,,110077,110077,1.8980,704461,733461,,N,N,81.140,buy,,,1.47,N,948109255.0,910639020.0,Y,8.46,9410.87,4.06%,00,buy,buy,buy,14:59:48,126.08,3.24%,5.140,-2.66%,-3.12%,130.170,130.170,3.31%,7310.83,Y,0,0,,-,,N,-,buy,-,26-11-19,133.41,8.72,4.70,22.9%,22.0%,"转债占流动市值比：22.9%
转债占总市值比：22.0%",0.00,600461,sh110077,有效期：-；质押代码：110077,110077；2021-05-26 开始转股,全价：130.170 最后更新：14:59:48
113504,艾华转债,sh603989,艾华集团,C,20.81,2021-06-24,2018-09-08,2024-03-01,2022-03-02,,,100.000,y,44.95,30,30,0,0.00,,,7.02,106.000,n,130.000,15,30,30,,N,6.910,4.898,AA,AA,无担保,,,,shmb,2021年9月14日公告：本次（2021年8月25日至2021年9月14日）不行使转债的提前赎回权利，不提前赎回,,113504,113504,2.3030,753989,754989,,N,N,82.470,buy,R,,4.59,N,399512850.0,399512850.0,Y,32.41,6526.66,2.30%,00,buy,buy,buy,14:59:53,155.74,3.45%,2.419,-15.04%,-15.61%,161.110,161.110,3.87%,5442.88,Y,1,1,G,-,,N,-,buy,-,24-03-01,164.56,27.05,14.57,3.8%,3.8%,"转债占流动市值比：3.8%
转债占总市值比：3.8%",0.00,603989,sh113504,有效期：-；质押代码：113504,113504；2018-09-08 开始转股,全价：161.110 最后更新：14:59:53
123046,天铁转债,sz300587,天铁股份,C,5.90,2021-07-07,2020-09-25,2026-03-18,2024-03-18,,,100.000,y,19.51,30,30,0,0.00,,,196.89,112.000,n,130.000,15,30,30,,N,3.990,0.622,AA-,AA-,无担保,,,,szcy,2021年6月8日公告，本次（2021年5月17日至2021年6月4日）不行使天铁转债的提前赎回权利，至2021年12月6日前均不提前赎回,,123046,123046,2.1957,380587,370587,,N,N,52.910,buy,,,7.26,N,579159713.0,475835041.0,Y,21.17,19318.52,7.24%,00,buy,buy,buy,15:14:03,358.81,3.45%,4.466,-23.00%,-23.47%,371.189,371.189,7.58%,44845.15,Y,0,0,G,-,,N,-,buy,-,26-03-18,374.64,7.67,4.13,0.6%,0.5%,"转债占流动市值比：0.6%
转债占总市值比：0.5%",0.00,300587,sz123046,有效期：-；质押代码：123046,123046；2020-09-25 开始转股,全价：371.189 最后更新：15:14:03
113600,新星转债,sh603978,深圳新星,C,23.85,,2021-02-19,2026-08-12,2024-08-12,,,100.000,y,54.17,30,30,0,0.00,,,111.08,120.000,n,130.000,15,30,0,,X,5.950,5.949,AA-,AA-,股份质押担保,,,,shmb,,,113600,113600,3.7180,753978,754978,,N,N,75.984,buy,,,2.95,N,160004375.0,160004375.0,Y,30.82,20544.36,9.99%,00,buy,buy,buy,15:00:00,129.22,3.56%,4.868,-1.32%,-2.17%,133.830,133.830,7.12%,88447.80,Y,0,0,,-,,N,-,buy,-,26-08-12,137.39,31.00,16.70,12.1%,12.1%,"转债占流动市值比：12.1%
转债占总市值比：12.1%",0.00,603978,sh113600,有效期：-；质押代码：113600,113600；2021-02-19 开始转股,全价：133.830 最后更新：15:00:00
128103,同德转债,sz002360,同德化工,C,5.08,2021-05-25,2020-10-09,2026-03-25,2024-03-25,,,100.000,y,44.12,30,30,0,0.00,,,48.30,115.000,n,130.000,15,30,30,,N,1.440,1.030,A+,A+,土地、固定资产等抵押方式,,,,szmb,2021年8月10日公告：本次不行使提前赎回权利，至2021年12月31日均不提前赎回,,128103,128103,0.3859,082360,072360,,N,N,31.100,buy,,,2.42,N,398339598.0,308241490.0,Y,8.06,2957.46,2.54%,00,buy,buy,buy,15:14:03,158.66,3.57%,4.485,-6.68%,-7.41%,164.325,164.325,1.25%,8217.36,Y,0,0,G,-,,N,-,buy,-,26-03-25,167.89,6.60,3.56,4.1%,3.2%,"转债占流动市值比：4.1%
转债占总市值比：3.2%",0.00,002360,sz128103,有效期：-；质押代码：128103,128103；2020-10-09 开始转股,全价：164.325 最后更新：15:14:03
113615,金诚转债,sh603979,金诚信,C,12.65,2021-06-09,2021-06-29,2026-12-22,2024-12-23,,,100.000,y,41.42,30,30,0,0.00,,,16.75,112.000,n,130.000,15,30,30,,N,10.000,8.665,AA,AA,无担保,,,,shmb,2021年8月3日公告：本次（2021年6月29日至2021年8月3日）不行使提前赎回权利，至2021年11月3日均不提前赎回,,113615,113615,1.7320,753979,754979,,N,N,71.880,buy,,,2.56,N,591438781.0,591438781.0,Y,21.38,17389.72,8.47%,00,buy,buy,buy,14:59:59,169.01,4.00%,5.230,-7.57%,-8.08%,175.780,175.780,7.69%,24999.06,Y,0,0,G,-,,N,-,buy,-,26-12-22,179.78,16.45,8.86,6.9%,6.9%,"转债占流动市值比：6.9%
转债占总市值比：6.9%",0.00,603979,sh113615,有效期：-；质押代码：113615,113615；2021-06-29 开始转股,全价：175.780 最后更新：14:59:59
128093,百川转债,sz002455,百川股份,C,5.77,2021-05-27,2020-07-09,2026-01-03,2024-01-03,,,100.000,y,26.02,30,30,0,0.00,,,529.44,120.000,n,130.000,20,30,30,,N,5.200,1.620,AA-,AA-,自有资产抵押担保,,,,szmb,2021年9月15日公告：本次（2021年8月19日至2021年9月15日）不行使提前赎回权利，至2021年12月31日均不提前赎回,,128093,128093,1.0314,082455,072455,,N,N,19.690,buy,,,5.53,N,565415314.0,450130337.0,Y,15.52,72057.64,8.99%,00,buy,buy,buy,15:14:03,268.98,4.05%,4.263,-16.95%,-17.80%,279.863,279.863,5.61%,242879.39,Y,0,0,G,-,,N,-,buy,-,26-01-03,283.91,7.50,4.04,2.3%,1.8%,"转债占流动市值比：2.3%
转债占总市值比：1.8%",0.00,002455,sz128093,有效期：-；质押代码：128093,128093；2020-07-09 开始转股,全价：279.863 最后更新：15:14:03
127043,川恒转债,sz002895,川恒股份,C,21.02,,2022-02-18,2027-08-11,2025-08-11,,,100.000,y,43.15,30,30,0,0.00,,,55.83,115.000,n,130.000,15,30,0,,X,11.600,11.600,AA-,AA-,无担保,,,,szmb,,,未到转股期,127043,2.3749,082895,072895,,N,N,59.730,-,,,5.45,N,488423000.0,483212500.0,Y,34.10,60158.75,4.92%,00,buy,buy,buy,15:14:03,162.23,4.11%,5.866,-5.62%,-6.18%,168.890,168.890,6.56%,110034.82,Y,0,0,,-,,N,-,buy,-,27-08-11,173.00,27.33,14.71,7.0%,7.0%,"转债占流动市值比：7.0%
转债占总市值比：7.0%",0.00,002895,sz127043,有效期：-；质押代码：127043,未到转股期；2022-02-18 开始转股,全价：168.890 最后更新：15:14:03
123052,飞鹿转债,sz300665,飞鹿股份,C,7.05,2021-06-03,2020-12-11,2026-06-04,2024-06-04,,,100.000,y,53.01,30,30,0,0.00,,,78.15,120.000,n,130.000,15,30,29,,N,1.770,1.504,A+,A+,无担保,,,,szcy,2021年8月24日公告：本次（2021年8月4日至2021年8月24日）不提前赎回，至2022年2月24日均不提前赎回,,123052,123052,1.4612,380665,370665,,N,N,75.366,buy,,,3.00,N,173397414.0,128950944.0,Y,9.31,3894.77,4.72%,00,buy,buy,buy,15:14:03,132.06,4.12%,4.679,-1.76%,-2.67%,137.500,137.500,3.61%,16141.17,Y,0,0,G,-,,N,-,buy,-,26-06-04,141.62,9.16,4.93,12.5%,9.3%,"转债占流动市值比：12.5%
转债占总市值比：9.3%",0.00,300665,sz123052,有效期：-；质押代码：123052,123052；2020-12-11 开始转股,全价：137.500 最后更新：15:14:03
128013,洪涛转债,sz002325,洪涛股份,C,2.32,2021-02-24,2017-02-06,2022-07-29,2020-07-29,,,100.000,y,66.29,30,30,0,0.00,,,3.42,108.000,n,130.000,15,30,0,,X,12.000,11.462,A-,A-,无担保,,,,szmb,,,128013,128013,0.9980,082325,072325,10,N,N,,buy,R,,1.07,N,1269388583.0,963206644.0,Y,2.45,1226.48,1.24%,00,buy,buy,buy,15:14:03,105.60,4.36%,0.827,-2.43%,-4.18%,110.211,110.211,0.83%,4306.73,Y,3,3,,-,,N,-,buy,-,22-07-29,114.57,3.02,1.62,48.6%,36.9%,"转债占流动市值比：48.6%
转债占总市值比：36.9%",0.00,002325,sz128013,有效期：-；质押代码：128013,128013；2017-02-06 开始转股,全价：110.211 最后更新：15:14:03
113026,核能转债,sh601985,中国核电,C,5.73,2021-07-16,2019-10-21,2025-04-14,2023-04-17,,,100.000,y,55.63,30,30,0,0.74,2021-10-08,2021-10-08,6.83,105.000,n,130.000,15,30,4,,X,78.000,75.988,AAA,AAA,无担保,,,,shmb,,,113026,113026,0.5010,764985,783985,,N,N,79.230,buy,R,,1.74,N,17456019161.0,17008257968.0,Y,7.21,262204.40,-0.96%,00,buy,buy,buy,14:59:54,125.83,4.38%,3.540,-5.15%,-5.60%,131.340,131.340,0.84%,66976.31,Y,0,0,,-,,N,-,buy,-,25-04-14,135.72,7.45,4.01,6.2%,6.0%,"转债占流动市值比：6.2%
转债占总市值比：6.0%",0.00,601985,sh113026,有效期：2021-10-08 到 2021-10-08；质押代码：113026,113026；2019-10-21 开始转股,全价：131.340 最后更新：14:59:54
128113,比音转债,sz002832,比音勒芬,C,14.60,2021-07-07,2020-12-21,2026-06-14,2024-06-14,,,100.000,y,40.09,30,30,0,0.00,,,2.23,112.000,n,130.000,15,30,30,,N,6.890,3.021,AA,AA,无担保,,,,szmb,2021年8月18日公告，本次（2021年7月28日起至8月17日）不提前赎回，至2021年12月31日本年度内均不提前赎回,,128113,128113,1.3147,082832,072832,,N,N,85.110,buy,,,5.05,N,549968351.0,368678651.0,Y,25.49,6053.27,2.16%,00,buy,buy,buy,15:14:03,174.59,4.42%,4.707,-9.15%,-9.70%,182.310,182.310,0.57%,1227.90,Y,0,0,G,-,,N,-,buy,-,26-06-14,186.73,18.98,10.22,3.2%,2.2%,"转债占流动市值比：3.2%
转债占总市值比：2.2%",0.00,002832,sz128113,有效期：-；质押代码：128113,128113；2020-12-21 开始转股,全价：182.310 最后更新：15:14:03
128094,星帅转债,sz002860,星帅尔,C,13.80,2021-06-08,2020-07-22,2026-01-16,2024-01-16,,,100.000,y,54.73,30,30,0,0.00,,,4.21,115.000,n,130.000,15,30,26,,N,2.800,2.185,A+,A+,股份质押和保证,,,,szmb,2021年8月10日公告：本次（2021年6月28日至2021年8月6日）不行使提前赎回权利，至2021年12月31日均不提前赎回,,128094,128094,2.3897,082860,072860,,N,N,75.030,buy,,,3.23,N,203507138.0,147199782.0,Y,17.65,3086.76,4.13%,00,buy,buy,buy,15:14:03,127.90,4.68%,4.299,-2.38%,-3.19%,133.890,133.890,2.36%,1223.75,Y,0,0,G,-,,N,-,buy,-,26-01-16,138.57,17.94,9.66,8.4%,6.1%,"转债占流动市值比：8.4%
转债占总市值比：6.1%",0.00,002860,sz128094,有效期：-；质押代码：128094,128094；2020-07-22 开始转股,全价：133.890 最后更新：15:14:03
110066,盛屯转债,sh600711,盛屯矿业,C,4.87,2021-07-14,2020-09-07,2026-03-02,2024-03-01,,,100.000,y,28.70,30,30,0,0.00,,,94.57,110.000,n,130.000,15,30,30,,N,23.860,3.837,AA,AA,无担保,,,,shmb,2021年9月18日公告：本次（2021年8月30日至2021年9月17日）不行使盛屯转债提前赎回权利，至2021年10月17日均不提前赎回,,110066,110066,1.0330,704711,733711,,N,N,33.540,buy,R,,2.84,N,2747099672.0,2605838711.0,Y,11.88,125845.46,0.68%,00,buy,buy,buy,14:59:52,243.94,4.75%,4.422,-16.78%,-17.24%,255.540,255.540,3.95%,92412.18,Y,0,0,G,-,,N,-,buy,-,26-03-02,260.29,6.33,3.41,1.2%,1.2%,"转债占流动市值比：1.2%
转债占总市值比：1.2%",0.00,600711,sh110066,有效期：-；质押代码：110066,110066；2020-09-07 开始转股,全价：255.540 最后更新：14:59:52
123085,万顺转2,sz300057,万顺新材,C,6.20,2021-05-17,2021-06-17,2026-12-10,2024-12-10,,,100.000,y,53.91,30,30,0,0.00,,,1.95,108.000,n,130.000,15,30,18,,X,9.000,8.666,AA-,AA-,无担保,,,,szcy,,,123085,123085,1.3341,380057,370057,,N,N,66.940,buy,,,1.53,N,674652341.0,496968588.0,Y,8.05,8924.76,3.47%,00,buy,buy,buy,15:14:03,129.84,4.75%,5.197,-3.52%,-3.96%,136.000,136.000,2.66%,2284.45,Y,0,0,B,-,,N,-,buy,-,26-12-10,140.75,8.06,4.34,21.7%,16.0%,"转债占流动市值比：21.7%
转债占总市值比：16.0%",0.00,300057,sz123085,有效期：-；质押代码：123085,123085；2021-06-17 开始转股,全价：136.000 最后更新：15:14:03
127030,盛虹转债,sz000301,东方盛虹,C,14.10,2021-06-18,2021-09-27,2027-03-21,2025-03-21,,,100.000,y,35.10,30,30,0,0.00,,,4.52,108.000,n,130.000,15,30,4,,N,50.000,49.995,AA+,AA+,无,,,,szmb,2021年9月22日公告，截止9月22日触发本次不赎回，至2022年3月26日前均不提前赎回,,127030,127030,1.0341,080301,070301,,N,N,77.630,buy,R,,7.00,N,4834863866.0,1731816898.0,Y,28.12,112763.99,6.92%,00,buy,buy,buy,15:14:03,199.43,4.76%,5.474,-10.82%,-11.17%,208.928,208.928,6.98%,46326.12,Y,0,0,G,-,,N,-,buy,-,27-03-21,213.69,18.33,9.87,10.3%,3.7%,"转债占流动市值比：10.3%
转债占总市值比：3.7%",0.00,000301,sz127030,有效期：-；质押代码：127030,127030；2021-09-27 开始转股,全价：208.928 最后更新：15:14:03
113025,明泰转债,sh601677,明泰铝业,C,11.00,2021-05-14,2019-10-16,2025-04-09,2023-04-10,,,100.000,y,22.29,30,30,0,0.00,,,17.37,110.000,n,130.000,15,30,30,,N,18.390,10.968,AA,AA,无担保,,,,shmb,2021年7月19日公告：本次（2021年6月29日至2021年7月19日）不行使明泰转债的提前赎回权利，至2022年1月19日均不提前赎回,,113025,113025,3.1170,764677,783677,,N,N,24.000,buy,,,2.46,N,682555170.0,682409070.0,Y,34.55,45467.00,8.65%,00,buy,buy,buy,14:59:58,314.09,4.86%,3.526,-26.23%,-26.70%,329.350,329.350,9.82%,61752.66,Y,0,0,G,-,,N,-,buy,-,25-04-09,334.21,14.30,7.70,4.7%,4.7%,"转债占流动市值比：4.7%
转债占总市值比：4.7%",0.00,601677,sh113025,有效期：-；质押代码：113025,113025；2019-10-16 开始转股,全价：329.350 最后更新：14:59:58
110070,凌钢转债,sh600231,凌钢股份,C,2.69,2021-07-15,2020-10-19,2026-04-12,2024-04-12,,,100.000,y,58.30,30,30,0,0.00,,,40.08,112.000,n,130.000,15,30,14,,X,4.400,2.171,AA,AA,无担保,,,,shmb,,,110070,110070,0.1580,704231,733231,,N,N,41.940,buy,R,,1.00,N,2852125238.0,2852125238.0,Y,3.23,9040.59,5.21%,00,buy,buy,buy,14:59:54,120.07,5.25%,4.534,-1.65%,-2.30%,126.380,126.380,1.10%,10964.86,Y,0,0,,-,,N,-,buy,-,26-04-12,131.63,3.50,1.88,2.4%,2.4%,"转债占流动市值比：2.4%
转债占总市值比：2.4%",0.00,600231,sh110070,有效期：-；质押代码：110070,110070；2020-10-19 开始转股,全价：126.380 最后更新：14:59:54
123111,东财转3,sz300059,东方财富,C,23.35,2021-05-27,2021-10-13,2027-04-06,2025-04-07,,,100.000,y,47.56,30,30,0,0.00,,,3.38,107.000,n,130.000,15,30,0,,X,158.000,158.000,AA+,AA+,无,,,,szcy,,,未到转股期,123111,1.8344,380059,370059,,N,N,71.340,buy,R,,9.24,N,10335763789.0,8533561416.0,Y,34.37,476929.36,2.05%,00,buy,buy,buy,15:14:03,147.19,5.37%,5.518,-6.02%,-6.34%,155.100,155.100,2.31%,81989.62,Y,0,0,,-,,N,-,buy,-,27-04-06,160.47,30.36,16.34,5.4%,4.4%,"转债占流动市值比：5.4%
转债占总市值比：4.4%",0.00,300059,sz123111,有效期：-；质押代码：123111,未到转股期；2021-10-13 开始转股,全价：155.100 最后更新：15:14:03
128106,华统转债,sz002840,华统股份,C,9.37,2021-06-30,2020-10-16,2026-04-09,2024-04-09,,,100.000,y,58.35,30,30,0,0.00,,,40.21,108.000,n,130.000,15,30,0,,X,5.500,5.352,AA,AA,连带责任保证,,,,szmb,,,128106,128106,1.9826,082840,072840,,N,N,67.140,buy,,,2.72,N,447633233.0,436170939.0,Y,11.24,17856.87,6.64%,00,buy,buy,buy,15:14:03,119.96,5.37%,4.526,-2.51%,-3.01%,126.400,126.400,4.78%,26975.55,Y,0,0,,-,,N,-,buy,-,26-04-09,131.77,12.18,6.56,10.9%,10.6%,"转债占流动市值比：10.9%
转债占总市值比：10.6%",0.00,002840,sz128106,有效期：-；质押代码：128106,128106；2020-10-16 开始转股,全价：126.400 最后更新：15:14:03
113541,荣晟转债,sh603165,荣晟环保,C,10.84,2021-05-17,2020-02-03,2025-07-22,2023-07-24,,,100.000,y,57.44,30,30,0,0.00,,,16.14,110.000,n,130.000,15,30,1,,X,3.300,1.632,AA-,AA-,股份质押和保证,,,,shmb,,,113541,113541,1.8600,753165,754165,,N,N,24.502,buy,,,2.02,N,263166028.0,263166028.0,Y,13.21,2903.97,1.38%,00,buy,buy,buy,14:59:55,121.86,5.53%,3.811,-3.10%,-3.74%,128.600,128.600,1.48%,3390.28,Y,1,1,,-,,N,-,buy,-,25-07-22,134.13,14.09,7.59,4.7%,4.7%,"转债占流动市值比：4.7%
转债占总市值比：4.7%",0.00,603165,sh113541,有效期：-；质押代码：113541,113541；2020-02-03 开始转股,全价：128.600 最后更新：14:59:55
123098,一品转债,sz300723,一品红,C,25.48,2021-08-25,2021-08-03,2027-01-27,2025-01-27,,,100.000,y,58.56,30,30,0,0.00,,,2.92,118.000,n,130.000,15,30,18,,N,4.800,4.252,AA-,AA-,无担保,,,,szcy,2021年8月23日公告：本次（2021年8月3日至2021年8月23日）不行使一品转债的提前赎回权利，不提前赎回,,123098,123098,3.0423,380723,370723,,N,N,85.150,buy,,,5.62,N,288030318.0,123698627.0,Y,30.46,5183.06,5.03%,00,buy,buy,buy,15:14:03,119.54,6.24%,5.329,-0.46%,-1.20%,127.000,127.000,1.60%,1572.93,Y,0,0,G,-,,N,-,buy,-,27-01-27,133.24,33.12,17.84,11.3%,4.8%,"转债占流动市值比：11.3%
转债占总市值比：4.8%",0.00,300723,sz123098,有效期：-；质押代码：123098,123098；2021-08-03 开始转股,全价：127.000 最后更新：15:14:03
128081,海亮转债,sz002203,海亮股份,C,9.69,2021-06-23,2020-05-27,2025-11-21,2023-11-21,,,100.000,y,59.60,30,30,0,0.00,,,1.31,110.000,n,130.000,15,30,0,,X,31.500,30.061,AA,AA,无担保,,,,szmb,,,128081,128081,1.6136,082203,072203,,N,N,64.450,buy,R,,2.17,N,1966849140.0,1862073476.0,Y,11.38,11369.87,0.89%,00,buy,buy,buy,15:14:03,117.44,6.27%,4.145,-2.02%,-2.64%,124.809,124.809,0.94%,4882.12,Y,0,0,,-,,N,-,buy,-,25-11-21,131.08,12.60,6.78,14.2%,13.4%,"转债占流动市值比：14.2%
转债占总市值比：13.4%",0.00,002203,sz128081,有效期：-；质押代码：128081,128081；2020-05-27 开始转股,全价：124.809 最后更新：15:14:03
128057,博彦转债,sz002649,博彦科技,C,8.50,2021-04-22,2019-09-11,2025-03-05,2023-03-05,,,100.000,y,59.38,30,30,0,0.00,,,1.92,112.000,n,130.000,15,30,0,,X,5.758,4.941,AA-,AA-,无担保,,,,szmb,,,128057,128057,1.0957,082649,072649,,N,N,16.060,buy,,,1.71,N,532837019.0,469260625.0,Y,10.02,5883.60,2.24%,00,buy,buy,buy,15:14:03,117.88,6.45%,3.430,-2.23%,-3.05%,125.485,125.485,1.25%,1183.74,Y,0,0,,-,,N,-,buy,-,25-03-05,131.94,11.05,5.95,10.5%,9.3%,"转债占流动市值比：10.5%
转债占总市值比：9.3%",0.00,002649,sz128057,有效期：-；质押代码：128057,128057；2019-09-11 开始转股,全价：125.485 最后更新：15:14:03
113621,彤程转债,sh603650,彤程新材,C,32.62,2021-06-08,2021-08-02,2027-01-25,2025-01-27,,,100.000,y,45.70,30,30,0,0.00,,,22.93,110.000,n,130.000,15,30,30,,N,8.000,5.371,AA,AA,无,,,,shmb,2021年9月10日公告：本次（2021年8月23日至2021年9月10日）不行使彤程转债的提前赎回权利，不提前赎回,,113621,113621,1.3650,753650,754650,,N,N,92.530,buy,,,12.00,N,594047151.0,594047151.0,Y,49.97,21192.90,4.65%,00,buy,buy,buy,14:59:58,153.19,6.69%,5.323,-6.48%,-6.93%,163.440,163.440,4.07%,19862.74,Y,0,0,G,-,,N,-,buy,-,27-01-25,170.13,42.41,22.83,1.8%,1.8%,"转债占流动市值比：1.8%
转债占总市值比：1.8%",0.00,603650,sh113621,有效期：-；质押代码：113621,113621；2021-08-02 开始转股,全价：163.440 最后更新：14:59:58
113537,文灿转债,sh603348,文灿股份,C,19.28,2021-06-18,2019-12-16,2025-06-09,2023-06-12,,,100.000,y,48.03,30,30,0,0.00,,,20.55,115.000,n,130.000,15,30,30,,N,8.000,1.408,AA-,AA-,无担保,,,,shmb,2021年8月2日公告：本次不行使文灿转债的提前赎回权利，至2021年11月2日前均不提前赎回,,113537,113537,3.6360,753348,754348,,N,N,18.080,buy,,,2.76,N,262156460.0,257416460.0,Y,28.10,7362.78,4.23%,00,buy,buy,buy,14:59:55,145.75,6.75%,3.693,-6.78%,-7.65%,155.580,155.580,2.03%,4511.96,Y,0,0,G,-,,N,-,buy,-,25-06-09,162.33,25.06,13.50,1.9%,1.9%,"转债占流动市值比：1.9%
转债占总市值比：1.9%",0.00,603348,sh113537,有效期：-；质押代码：113537,113537；2019-12-16 开始转股,全价：155.580 最后更新：14:59:55
113548,石英转债,sh603688,石英股份,C,14.93,2021-05-28,2020-05-06,2025-10-27,2023-10-27,,,100.000,y,26.87,30,30,0,0.00,,,138.85,118.000,n,130.000,15,30,30,,N,3.600,1.227,AA-,AA-,股份质押和保证,,,,shmb,2021年8月3日公告，本次（2021年06月22日至2021年08月02日）不行使石英转债的提前赎回权利，至2021年12月31日均不提前赎回,,113548,113548,1.0780,753688,754688,,N,N,43.700,buy,R,,6.84,N,352971937.0,352971937.0,Y,38.90,20533.18,6.72%,00,buy,buy,buy,15:00:00,260.55,6.76%,4.077,-18.25%,-19.00%,278.160,278.160,8.35%,46545.43,Y,0,0,G,-,,N,-,buy,-,25-10-27,284.92,19.41,10.45,0.9%,0.9%,"转债占流动市值比：0.9%
转债占总市值比：0.9%",0.00,603688,sh113548,有效期：-；质押代码：113548,113548；2020-05-06 开始转股,全价：278.160 最后更新：15:00:00
123068,弘信转债,sz300657,弘信电子,C,15.34,2021-07-13,2021-04-21,2026-10-14,2024-10-14,,,100.000,y,69.28,30,30,0,0.00,,,53.33,115.000,n,130.000,15,30,15,2021-10-11,Y,5.700,1.503,AA-,AA-,无担保,,,,szcy,"最后交易日：2021年10月11日
最后转股日：2021年10月11日
赎回价：100.397元/张",100.397,123068,123068,1.6679,380657,370657,,N,N,67.430,buy,,,4.46,N,409916426.0,387733198.0,Y,15.50,23025.31,0.71%,00,buy,buy,buy,15:14:03,101.04,6.79%,5.041,2.39%,1.64%,107.900,107.900,-0.07%,8670.97,Y,0,0,R,-,,N,-,buy,-,26-10-14,114.69,19.94,10.74,2.5%,2.4%,"转债占流动市值比：2.5%
转债占总市值比：2.4%",0.00,300657,sz123068,有效期：-；质押代码：123068,123068；2021-04-21 开始转股,全价：107.900 最后更新：15:14:03
128133,奇正转债,sz002287,奇正藏药,C,29.78,2021-07-08,2021-03-29,2026-09-21,2024-09-23,,,100.000,y,61.35,30,30,0,0.00,,,9.76,112.000,n,130.000,15,30,0,,X,8.000,7.996,AA,AA,,,,,szmb,,,128133,128133,1.5088,082287,072287,,N,N,53.460,buy,R,,5.25,N,530355556.0,527949951.0,Y,33.98,26257.93,8.25%,00,buy,buy,buy,15:14:03,114.10,7.03%,4.978,-0.89%,-1.48%,122.120,122.120,3.40%,9509.79,Y,0,0,,-,,N,-,buy,-,26-09-21,129.15,38.71,20.85,4.5%,4.4%,"转债占流动市值比：4.5%
转债占总市值比：4.4%",0.00,002287,sz128133,有效期：-；质押代码：128133,128133；2021-03-29 开始转股,全价：122.120 最后更新：15:14:03
128075,远东转债,sz002406,远东传动,C,5.29,2021-07-13,2020-03-27,2025-09-23,2023-09-25,,,100.000,y,61.72,30,30,0,0.00,,,1.25,110.000,n,130.000,15,30,0,,N,8.940,5.438,AA,AA,无担保,,,,szmb,公司8月26日公告：本次（2020年7月14日至2020年8月24日）不行使远东转债的提前赎回权利，未来三个月亦不提前赎回,,128075,128075,1.5930,082406,072406,,N,N,42.076,buy,,,1.12,N,624148160.0,496138563.0,Y,6.00,2088.49,1.01%,00,buy,buy,buy,15:14:03,113.42,7.16%,3.984,-1.56%,-2.18%,121.541,121.541,1.45%,820.87,Y,0,0,G,-,,N,-,buy,-,25-09-23,128.70,6.88,3.70,18.3%,14.5%,"转债占流动市值比：18.3%
转债占总市值比：14.5%",0.00,002406,sz128075,有效期：-；质押代码：128075,128075；2020-03-27 开始转股,全价：121.541 最后更新：15:14:03
127040,国泰转债,sz002091,江苏国泰,C,9.02,,2022-01-13,2027-07-06,2025-07-07,,,100.000,y,49.44,30,30,0,0.00,,,3.82,108.000,n,130.000,15,30,0,,X,45.574,45.574,AA+,AA+,无,,,,szmb,,,未到转股期,127040,2.9100,082091,072091,,N,N,65.940,buy,R,,2.17,N,1563536598.0,1513016522.0,Y,12.77,32320.04,4.42%,00,buy,buy,buy,15:14:03,141.57,7.36%,5.767,-5.15%,-5.51%,151.990,151.990,6.29%,25959.39,Y,0,0,,-,,N,-,buy,-,27-07-06,159.35,11.73,6.31,23.6%,22.8%,"转债占流动市值比：23.6%
转债占总市值比：22.8%",0.00,002091,sz127040,有效期：-；质押代码：127040,未到转股期；2022-01-13 开始转股,全价：151.990 最后更新：15:14:03
128097,奥佳转债,sz002614,奥佳华,C,10.39,2021-04-30,2020-09-02,2026-02-25,2024-02-26,,,100.000,y,53.91,30,30,0,0.00,,,4.27,110.000,n,130.000,15,30,28,,N,12.000,4.596,AA,AA,无担保,,,,szmb,2021年8月月26日公告，决定在未来半年内，即2021年12月31日前均不行使奥佳转债的提前赎回权利，不提前赎回,,128097,128097,2.1380,082614,072614,,N,N,75.270,buy,,,1.80,N,630588790.0,447975947.0,Y,13.49,4454.67,1.43%,00,buy,buy,buy,15:14:03,129.84,7.83%,4.408,-4.47%,-5.03%,140.000,140.000,-0.21%,2755.36,Y,0,0,G,-,,N,-,buy,-,26-02-25,147.83,13.51,7.27,7.6%,5.4%,"转债占流动市值比：7.6%
转债占总市值比：5.4%",0.00,002614,sz128097,有效期：-；质押代码：128097,128097；2020-09-02 开始转股,全价：140.000 最后更新：15:14:03
128033,迪龙转债,sz002658,雪迪龙,C,8.71,2021-05-17,2018-07-03,2023-12-27,2021-12-27,,,100.000,y,59.66,30,30,0,0.00,,,67.68,106.000,n,130.000,15,30,0,,X,5.200,2.979,AA,AA,无担保,,,,szmb,,,128033,128033,0.8596,082658,072658,,N,N,70.040,buy,,,2.61,N,630029965.0,332727475.0,Y,10.22,23412.19,-1.26%,00,buy,buy,buy,15:14:03,117.34,8.13%,2.241,-6.73%,-7.40%,126.880,126.880,-0.88%,25720.57,Y,1,1,,-,,N,-,buy,-,23-12-27,135.01,11.32,6.10,8.8%,4.6%,"转债占流动市值比：8.8%
转债占总市值比：4.6%",0.00,002658,sz128033,有效期：-；质押代码：128033,128033；2018-07-03 开始转股,全价：126.880 最后更新：15:14:03
127020,中金转债,sz000060,中金岭南,C,4.63,2021-06-18,2021-01-25,2026-07-19,2024-07-22,,,100.000,y,63.18,30,30,0,0.00,,,2.48,110.000,n,130.000,15,30,10,,X,38.000,34.280,AA+,AA+,无担保,,,,szmb,,,127020,127020,1.0645,080060,070060,,N,N,55.990,buy,R,,1.46,N,3569949024.0,3568859174.0,Y,5.13,34539.32,1.18%,00,buy,buy,buy,15:14:03,110.80,8.14%,4.803,-1.14%,-1.63%,119.822,119.822,1.45%,10147.67,Y,0,0,,-,,N,-,buy,-,26-07-19,127.96,6.02,3.24,18.7%,18.7%,"转债占流动市值比：18.7%
转债占总市值比：18.7%",0.00,000060,sz127020,有效期：-；质押代码：127020,127020；2021-01-25 开始转股,全价：119.822 最后更新：15:14:03
128100,搜特转债,sz002503,搜于特,C,1.62,2021-08-17,2020-09-18,2026-03-11,2024-03-11,,,100.000,y,73.16,30,30,0,0.00,,,2.73,112.000,n,130.000,15,30,0,,X,8.000,7.993,A,A,无担保,,,,szmb,,,128100,128100,0.2622,082503,072503,,N,N,9.330,buy,R,,1.97,N,3092717081.0,2542913431.0,Y,1.55,5407.70,0.65%,00,buy,buy,buy,15:14:03,95.68,8.18%,4.447,2.83%,2.13%,103.510,103.510,0.60%,2249.90,Y,2,2,,-,,N,-,buy,-,26-03-11,111.69,2.11,1.13,20.3%,16.7%,"转债占流动市值比：20.3%
转债占总市值比：16.7%",0.00,002503,sz128100,有效期：-；质押代码：128100,128100；2020-09-18 开始转股,全价：103.510 最后更新：15:14:03
127042,嘉美转债,sz002969,嘉美包装,C,4.87,,2022-02-14,2027-08-09,2025-08-11,,,100.000,y,65.18,30,30,0,0.00,,,3.49,112.000,n,130.000,15,30,0,,X,7.500,7.500,AA,AA,无,,,,szmb,,,未到转股期,127042,0.7809,082969,072969,,N,N,8.550,-,,,2.32,N,960333535.0,444176962.0,Y,5.23,2408.04,1.95%,00,buy,buy,buy,15:14:03,107.39,8.30%,5.860,0.12%,-0.39%,116.302,116.302,1.13%,3032.04,Y,0,0,,-,,N,-,buy,-,27-08-09,124.60,6.33,3.41,32.3%,14.9%,"转债占流动市值比：32.3%
转债占总市值比：14.9%",0.00,002969,sz127042,有效期：-；质押代码：127042,未到转股期；2022-02-14 开始转股,全价：116.302 最后更新：15:14:03
110079,杭银转债,sh600926,杭州银行,C,12.99,2021-08-30,2021-10-08,2027-03-29,,,,,y,,0,0,0,0.74,2021-10-08,2021-10-08,1.24,108.000,n,130.000,15,30,0,,X,150.000,150.000,AAA,AAA,无,,,,shmb,,,未到转股期,110079,2.5290,704926,733926,,N,N,42.340,buy,R,,1.04,Y,5930200432.0,5041360267.0,Y,14.93,27085.61,-2.67%,00,buy,buy,buy,14:59:59,114.93,8.77%,5.496,-1.94%,-2.34%,125.010,125.010,0.14%,23267.32,Y,1,1,,-,,N,-,buy,-,27-03-29,133.78,16.89,-,19.9%,16.9%,"转债占流动市值比：19.9%
转债占总市值比：16.9%",0.00,600926,sh110079,有效期：2021-10-08 到 2021-10-08；质押代码：110079,未到转股期；2021-10-08 开始转股,全价：125.010 最后更新：14:59:59
113545,金能转债,sh603113,金能科技,C,10.43,2021-05-31,2020-04-20,2025-10-13,2023-10-13,,,100.000,y,43.10,30,30,0,0.00,,,12.69,110.000,n,130.000,15,30,30,,N,15.000,9.867,AA,AA,无担保,,,,shmb,2021年7月16日公告：本次（2021年6月26日至7月16日）不行使金能转债的提前赎回权利，至2021年10月15日前均不提前赎回,,113545,113545,2.2190,753113,754113,,N,N,47.100,buy,R,,1.66,N,852085500.0,720679456.0,Y,16.94,16475.83,0.53%,00,buy,buy,buy,15:00:00,162.42,8.83%,4.038,-10.31%,-10.86%,176.760,176.760,2.76%,22027.17,Y,0,0,G,-,,N,-,buy,-,25-10-13,185.59,13.56,7.30,8.1%,6.8%,"转债占流动市值比：8.1%
转债占总市值比：6.8%",0.00,603113,sh113545,有效期：-；质押代码：113545,113545；2020-04-20 开始转股,全价：176.760 最后更新：15:00:00
113505,杭电转债,sh603618,杭电股份,C,7.08,2021-05-28,2018-09-12,2024-03-05,2022-03-06,,,100.000,y,63.13,30,30,0,0.00,,,31.64,108.000,n,130.000,15,30,0,,X,7.800,7.498,AA,AA,无担保,,,,shmb,,,113505,113505,1.1350,753618,754618,,N,N,20.430,buy,R,,1.91,N,691042326.0,691042467.0,Y,7.85,36237.96,4.39%,00,buy,buy,buy,14:59:59,110.88,8.89%,2.430,-3.35%,-4.16%,120.730,120.730,3.21%,28583.08,Y,0,0,,-,,N,-,buy,-,24-03-05,129.62,9.20,4.96,13.8%,13.8%,"转债占流动市值比：13.8%
转债占总市值比：13.8%",0.00,603618,sh113505,有效期：-；质押代码：113505,113505；2018-09-12 开始转股,全价：120.730 最后更新：14:59:59
113027,华钰转债,sh601020,ST华钰,C,10.17,,2019-12-20,2025-06-13,2023-06-14,,,100.000,y,54.26,30,30,0,0.00,,,116.57,110.000,n,130.000,15,30,23,,N,6.400,3.110,A,A,无担保,,,,shmb,2021年9月28日公告，本次（2021年8月16日至2021年9月28日）不行使华钰转债的提前赎回权利，不提前赎回,,113027,113027,1.2160,764020,783020,,N,N,4.450,buy,,,2.81,N,554491837.0,554491837.0,Y,13.12,23188.67,0.46%,00,buy,buy,buy,14:59:59,129.01,8.96%,3.704,-5.53%,-6.16%,140.570,140.570,2.82%,51314.86,Y,0,0,G,-,,N,-,buy,-,25-06-13,149.53,13.22,7.12,4.3%,4.3%,"转债占流动市值比：4.3%
转债占总市值比：4.3%",0.00,601020,sh113027,有效期：-；质押代码：113027,113027；2019-12-20 开始转股,全价：140.570 最后更新：14:59:59
127011,中鼎转2,sz000887,中鼎股份,C,11.39,2021-06-07,2019-09-16,2025-03-08,2023-03-08,,,100.000,y,54.46,30,30,0,0.00,,,3.69,110.000,n,130.000,15,30,27,,N,12.000,11.996,AA+,AA+,无担保,,,,szmb,2021年8月24日公告：本次（2021年7月12日至2021年8月20日）不提前赎回，至2021年11月22日均不提前赎回,,127011,127011,0.9829,080887,070887,,N,N,63.530,buy,R,,1.94,N,1220839656.0,1218247233.0,Y,14.64,21251.57,0.62%,00,buy,buy,buy,15:14:03,128.53,9.08%,3.438,-5.83%,-6.52%,140.200,140.200,1.96%,6144.00,Y,0,0,G,-,,N,-,buy,-,25-03-08,149.28,14.81,7.97,6.7%,6.7%,"转债占流动市值比：6.7%
转债占总市值比：6.7%",0.00,000887,sz127011,有效期：-；质押代码：127011,127011；2019-09-16 开始转股,全价：140.200 最后更新：15:14:03
127018,本钢转债,sz000761,本钢板材,C,5.02,2021-07-19,2021-01-04,2026-06-28,2024-06-28,,,100.000,y,64.24,30,30,0,0.67,2021-10-08,2021-10-08,3.31,119.000,n,130.000,15,30,10,,X,68.000,56.313,AAA,AA+,本钢集团连带责任保证担保,2021-09-22,2021-10-12,2021-09-22 至 2021-10-12 期间暂停转股：2021年中权益分派,szmb,,,127018,127018,1.9566,080761,070761,,N,N,24.760,buy,R,,0.91,N,3885130224.0,3708157357.0,Y,5.47,17927.04,2.24%,00,buy,buy,buy,15:14:03,108.96,9.41%,4.745,1.55%,0.57%,119.220,119.220,0.78%,22296.36,N,0,0,,-,,N,-,buy,-,26-06-28,128.63,6.53,3.51,27.8%,26.5%,"转债占流动市值比：27.8%
转债占总市值比：26.5%",0.00,000761,sz127018,有效期：2021-10-08 到 2021-10-08；质押代码：127018,127018；2021-01-04 开始转股;2021-09-22 至 2021-10-12 期间暂停转股：2021年中权益分派,全价：119.220 最后更新：15:14:03
113614,健20转债,sh603707,健友股份,C,29.12,2021-07-15,2021-06-23,2026-12-16,2024-12-16,,,100.000,y,56.62,30,30,0,0.00,,,12.49,109.000,n,130.000,15,30,0,,X,7.800,7.798,AA,AA,无担保,,,,shmb,,,113614,113614,0.8340,753707,754707,,N,N,85.640,buy,R,,10.55,N,1216854400.0,1214108735.0,Y,36.00,43458.75,2.04%,00,buy,buy,buy,15:00:00,123.63,9.53%,5.214,-3.27%,-3.74%,135.410,135.410,2.54%,13107.31,Y,0,0,,-,,N,-,buy,-,26-12-16,144.94,37.86,20.38,1.8%,1.8%,"转债占流动市值比：1.8%
转债占总市值比：1.8%",0.00,603707,sh113614,有效期：-；质押代码：113614,113614；2021-06-23 开始转股,全价：135.410 最后更新：15:00:00
113536,三星转债,sh603578,三星新材,C,13.76,2021-05-28,2019-12-06,2025-05-30,2023-05-31,,,100.000,y,62.02,30,30,0,0.00,,,8.22,110.000,n,130.000,15,30,0,,X,1.920,1.491,AA,A+,德清联创科技新城建设有限公司为本次发行可转债提供连带责任保证担保,,,,shmb,,,113536,113536,2.1390,753578,754578,,N,N,35.470,buy,,,2.54,N,128394920.0,128000120.0,Y,15.53,1660.86,1.37%,00,buy,buy,buy,14:59:47,112.86,9.67%,3.666,-2.19%,-2.87%,123.780,123.780,1.91%,1505.23,Y,0,0,,-,,N,-,buy,-,25-05-30,133.45,17.89,9.63,7.5%,7.5%,"转债占流动市值比：7.5%
转债占总市值比：7.5%",0.00,603578,sh113536,有效期：-；质押代码：113536,113536；2019-12-06 开始转股,全价：123.780 最后更新：14:59:47
113047,旗滨转债,sh601636,旗滨集团,C,12.80,2021-06-18,2021-10-15,2027-04-08,2025-04-08,,,100.000,y,51.70,30,30,0,0.00,,,9.72,110.000,n,130.000,15,30,0,,X,15.000,15.000,AA+,AA+,,,,,shmb,,,未到转股期,113047,0.5640,764636,783636,,N,N,65.120,buy,R,,4.21,N,2686216940.0,2686216940.0,Y,17.33,92506.35,4.02%,00,buy,buy,buy,14:59:59,135.39,9.98%,5.523,-4.78%,-5.20%,148.900,148.900,2.77%,21656.96,Y,0,0,,-,,N,-,buy,-,27-04-08,158.88,16.64,8.96,3.2%,3.2%,"转债占流动市值比：3.2%
转债占总市值比：3.2%",0.00,601636,sh113047,有效期：-；质押代码：113047,未到转股期；2021-10-15 开始转股,全价：148.900 最后更新：14:59:59
113591,胜达转债,sh603687,大胜达,C,8.76,2021-06-11,2021-01-08,2026-06-30,2024-07-01,,,100.000,y,66.15,30,30,0,0.00,,,6.98,116.000,n,130.000,15,30,0,,X,5.500,5.497,AA-,AA-,股票质押担保,,,,shmb,,,113591,113591,1.3300,753687,754687,,N,N,69.650,buy,,,2.10,N,410858803.0,141816103.0,Y,9.27,3497.54,3.00%,00,buy,buy,buy,14:59:58,105.82,10.02%,4.751,0.96%,0.17%,116.420,116.420,1.98%,4446.84,Y,2,2,,-,,N,-,buy,-,26-06-30,126.44,11.39,6.13,41.8%,14.4%,"转债占流动市值比：41.8%
转债占总市值比：14.4%",0.00,603687,sh113591,有效期：-；质押代码：113591,113591；2021-01-08 开始转股,全价：116.420 最后更新：14:59:58
128046,利尔转债,sz002258,利尔化学,C,18.42,2021-04-13,2019-04-23,2024-10-17,2022-10-17,,,100.000,y,46.05,30,30,0,0.00,,,9.95,108.000,n,130.000,20,30,30,,N,8.520,8.077,AA,AA,无担保,,,,szmb,2021年7月16日公告：本次（2021年6月3日至2021年7月15日）不提前赎回，至2021年12月31日内前均不提前赎回,,128046,128046,1.6247,082258,072258,,N,N,43.380,buy,R,,3.36,N,526766984.0,524183169.0,Y,28.00,40751.97,5.94%,00,buy,buy,buy,15:14:03,152.01,10.19%,3.049,-12.52%,-13.12%,167.500,167.500,6.01%,13458.49,Y,0,0,G,-,,N,-,buy,-,24-10-17,177.69,23.95,12.89,5.5%,5.5%,"转债占流动市值比：5.5%
转债占总市值比：5.5%",0.00,002258,sz128046,有效期：-；质押代码：128046,128046；2019-04-23 开始转股,全价：167.500 最后更新：15:14:03
123112,万讯转债,sz300112,万讯自控,C,8.93,2021-05-28,2021-10-14,2027-04-07,2025-04-07,,,100.000,y,62.64,30,30,0,0.00,,,13.43,118.000,n,130.000,15,30,0,,X,2.457,2.457,AA-,AA-,无,,,,szcy,,,未到转股期,123112,0.8599,380112,370112,,N,N,30.520,buy,,,2.58,N,285747886.0,201309133.0,Y,9.98,6300.46,2.15%,00,buy,buy,buy,15:14:03,111.76,10.35%,5.521,0.16%,-0.58%,123.330,123.330,1.17%,4058.90,Y,0,0,,-,,N,-,buy,-,27-04-07,133.68,11.61,6.25,12.2%,8.6%,"转债占流动市值比：12.2%
转债占总市值比：8.6%",0.00,300112,sz123112,有效期：-；质押代码：123112,未到转股期；2021-10-14 开始转股,全价：123.330 最后更新：15:14:03
113030,东风转债,sh601515,东风股份,C,6.45,2021-05-27,2020-06-30,2025-12-23,2023-12-25,,,100.000,y,61.43,30,30,0,0.00,,,20.19,112.000,n,130.000,15,30,0,,X,2.950,2.949,AA,AA,无担保,,,,shmb,,,113030,113030,0.2210,764515,783515,,N,N,13.210,buy,R,,2.19,N,1334414162.0,1334414162.0,Y,7.35,12085.47,3.52%,00,buy,buy,buy,14:59:46,113.95,10.36%,4.233,-1.75%,-2.43%,125.760,125.760,2.71%,7406.34,Y,0,0,,-,,N,-,buy,-,25-12-23,136.12,8.38,4.51,3.0%,3.0%,"转债占流动市值比：3.0%
转债占总市值比：3.0%",0.00,601515,sh113030,有效期：-；质押代码：113030,113030；2020-06-30 开始转股,全价：125.760 最后更新：14:59:46
123092,天壕转债,sz300332,天壕环境,C,5.19,2021-07-12,2021-06-30,2026-12-23,2024-12-23,,,100.000,y,43.51,30,30,0,0.00,,,13.33,115.000,n,130.000,15,30,25,,N,4.230,4.229,A+,A+,无,,,,szcy,2021年9月6日公告：本次（2021年7月27日至2021年9月6日）不行使提前赎回权利，至2021年12月31日均不提前赎回,,123092,123092,0.4805,380332,370332,,N,N,55.430,buy,,,2.12,N,880201838.0,840775488.0,Y,8.35,16898.17,2.20%,00,buy,buy,buy,15:14:03,160.89,10.42%,5.233,-7.13%,-7.76%,177.646,177.646,0.03%,10146.34,Y,0,0,G,-,,N,-,buy,-,26-12-23,188.07,6.75,3.63,6.0%,5.8%,"转债占流动市值比：6.0%
转债占总市值比：5.8%",0.00,300332,sz123092,有效期：-；质押代码：123092,123092；2021-06-30 开始转股,全价：177.646 最后更新：15:14:03
128017,金禾转债,sz002597,金禾实业,C,21.97,2021-05-21,2018-08-07,2023-11-01,2021-11-01,,,100.000,y,39.06,30,30,0,0.00,,,15.61,106.000,n,130.000,15,30,30,,N,6.000,5.520,AA,AA,无担保,,,,szmb,公司董事会8月12日公告，本次（2020年7月1日至2020年8月11日）不行使金禾转债的提前赎回权利，不提前赎回,,128017,128017,1.0633,082597,072597,,N,N,89.139,buy,R,,4.30,N,560908306.0,559481339.0,Y,39.37,57327.43,5.61%,00,buy,buy,buy,15:14:03,179.20,10.60%,2.088,-25.28%,-25.81%,198.195,198.195,4.70%,16815.88,Y,0,0,G,-,,N,-,buy,-,23-11-01,208.79,28.56,15.38,2.5%,2.5%,"转债占流动市值比：2.5%
转债占总市值比：2.5%",0.00,002597,sz128017,有效期：-；质押代码：128017,128017；2018-08-07 开始转股,全价：198.195 最后更新：15:14:03
123023,迪森转债,sz300335,迪森股份,C,6.89,2021-06-08,2019-09-27,2025-03-20,2024-03-20,,,100.000,y,63.97,30,30,0,0.00,,,350.50,110.000,n,130.000,10,20,0,,X,6.000,5.294,AA-,AA-,无担保,,,,szcy,,,123023,123023,1.6532,380335,370335,,N,N,29.760,buy,,,1.88,N,372940739.0,282414751.0,Y,7.54,58409.49,4.58%,00,buy,buy,buy,15:14:03,109.43,11.48%,3.471,-1.90%,-2.62%,122.000,122.000,4.90%,225488.79,Y,0,0,,-,,N,-,buy,-,25-03-20,133.48,8.96,4.82,24.9%,18.8%,"转债占流动市值比：24.9%
转债占总市值比：18.8%",0.00,300335,sz123023,有效期：-；质押代码：123023,123023；2019-09-27 开始转股,全价：122.000 最后更新：15:14:03
113009,广汽转债,sh601238,广汽集团,C,13.92,2021-09-22,2016-07-22,2022-01-22,2021-01-22,,,100.680,n,64.62,30,30,0,0.68,2021-10-08,2021-10-08,3.78,106.000,n,130.000,15,30,12,,X,41.059,25.489,AAA,AAA,无担保,,,,shmb,,,113009,113009,0.9720,,,,N,N,,buy,R,,1.78,N,10355595768.0,7154874133.0,Y,15.08,66636.42,0.33%,00,buy,buy,buy,14:59:43,108.33,11.67%,0.312,-39.69%,-42.87%,120.980,120.980,1.88%,11586.83,Y,0,0,,-,,N,-,buy,-,22-01-22,132.65,18.10,9.74,2.4%,1.6%,"转债占流动市值比：2.4%
转债占总市值比：1.6%",0.00,601238,sh113009,有效期：2021-10-08 到 2021-10-08；质押代码：113009,113009；2016-07-22 开始转股,全价：120.980 最后更新：14:59:43
113550,常汽转债,sh603035,常熟汽饰,C,9.33,2021-05-28,2020-05-22,2025-11-17,2023-11-17,,,100.000,y,52.25,30,30,0,0.00,,,9.95,115.000,n,130.000,15,30,30,,N,9.924,2.148,AA-,AA-,无担保,,,,shmb,公司2021年5月12日公告，本次（2021年4月16日至2021年5月11日）不行使常汽转债的提前赎回权利，2021年11月11日前均不提前赎回,,113550,113550,3.5440,753035,754035,,N,N,49.290,buy,,,1.16,N,359134106.0,359134106.0,Y,12.50,5760.04,1.63%,00,buy,buy,buy,14:59:56,133.98,11.81%,4.134,-5.10%,-5.91%,149.800,149.800,1.99%,3188.79,Y,0,0,G,-,,N,-,buy,-,25-11-17,161.61,12.13,6.53,4.8%,4.8%,"转债占流动市值比：4.8%
转债占总市值比：4.8%",0.00,603035,sh113550,有效期：-；质押代码：113550,113550；2020-05-22 开始转股,全价：149.800 最后更新：14:59:56
128145,日丰转债,sz002953,日丰股份,C,13.66,2021-06-02,2021-09-27,2027-03-21,2025-03-21,,,100.000,y,63.87,30,30,0,0.00,,,8.84,110.000,n,130.000,30,30,0,,X,3.800,3.800,AA-,AA-,股份质押的担保方式,,,,szmb,,,128145,128145,2.1854,082953,072953,,N,N,79.780,buy,,,3.06,N,243360219.0,73779226.0,Y,14.97,8858.63,7.70%,00,buy,buy,buy,15:14:03,109.59,11.87%,5.474,-1.12%,-1.61%,122.600,122.600,3.82%,4087.81,Y,0,0,,-,,N,-,buy,-,27-03-21,134.47,17.76,9.56,34.4%,10.4%,"转债占流动市值比：34.4%
转债占总市值比：10.4%",0.00,002953,sz128145,有效期：-；质押代码：128145,128145；2021-09-27 开始转股,全价：122.600 最后更新：15:14:03
123100,朗科转债,sz300543,朗科智能,C,11.61,2021-05-26,2021-08-23,2027-02-08,2025-02-10,,,100.000,y,61.76,30,30,0,0.00,,,2.36,112.000,n,130.000,15,30,4,,X,3.800,3.799,AA-,AA-,无,,,,szcy,,,123100,123100,1.8421,380543,380543,,N,N,12.940,buy,,,3.46,N,268163610.0,205721334.0,Y,13.16,2844.50,2.65%,00,buy,buy,buy,15:14:03,113.35,12.04%,5.362,-1.47%,-2.02%,127.000,127.000,1.97%,1127.75,Y,0,0,,-,,N,-,buy,-,27-02-08,139.04,15.09,8.13,14.0%,10.8%,"转债占流动市值比：14.0%
转债占总市值比：10.8%",0.00,300543,sz123100,有效期：-；质押代码：123100,123100；2021-08-23 开始转股,全价：127.000 最后更新：15:14:03
113603,东缆转债,sh603606,东方电缆,C,23.65,2021-05-27,2021-03-30,2026-09-23,2024-09-23,,,100.000,y,55.55,30,30,0,0.00,,,14.58,110.000,n,130.000,15,30,2,,X,8.000,7.998,AA,AA,无担保,,,,shmb,,,113603,113603,1.2230,753606,754606,,N,N,72.364,buy,R,,5.36,N,654108439.0,654108439.0,Y,29.80,58784.06,5.04%,00,buy,buy,buy,14:59:57,126.00,12.28%,4.984,-4.17%,-4.67%,141.480,141.480,1.81%,16576.75,Y,0,0,,-,,N,-,buy,-,26-09-23,153.76,30.75,16.55,4.1%,4.1%,"转债占流动市值比：4.1%
转债占总市值比：4.1%",0.00,603606,sh113603,有效期：-；质押代码：113603,113603；2021-03-30 开始转股,全价：141.480 最后更新：14:59:57
123050,聚飞转债,sz300303,聚飞光电,C,5.08,2021-06-30,2020-10-20,2026-04-13,2024-04-15,,,100.000,y,61.84,30,30,0,0.00,,,14.40,118.000,n,130.000,15,30,4,,N,7.050,3.747,AA-,AA-,无担保,,,,szcy,2021年8月10日公告：本次（2021年7月21日至2021年8月10日）不行使聚飞转债的提前赎回权利，不提前赎回,,123050,123050,0.5513,380303,370303,,N,N,43.220,buy,,,3.14,N,1342570423.0,1216262727.0,Y,5.75,12104.09,3.42%,00,buy,buy,buy,15:14:03,113.19,12.35%,4.537,-0.60%,-1.47%,127.166,127.166,1.25%,6853.22,Y,0,0,G,-,,N,-,buy,-,26-04-13,139.52,6.60,3.56,5.4%,4.9%,"转债占流动市值比：5.4%
转债占总市值比：4.9%",0.00,300303,sz123050,有效期：-；质押代码：123050,123050；2020-10-20 开始转股,全价：127.166 最后更新：15:14:03
110055,伊力转债,sh600197,伊力特,C,16.41,2021-07-15,2019-09-23,2025-03-15,2023-03-15,,,100.000,y,42.75,30,30,0,0.00,,,303.14,110.000,n,130.000,15,30,30,,N,8.760,2.438,AA,AA,无担保,,,,shmb,2021年5月13日公告：本次（自2021年4月15日至2021年5月12日）不行使伊力转债提前赎回权利，至2021年11月12日前均不提前赎回,,110055,110055,1.9860,704197,733197,,N,N,21.760,buy,R,,3.36,N,471937411.0,471937411.0,Y,26.87,44945.73,-0.81%,00,buy,buy,buy,14:59:59,163.74,12.84%,3.458,-13.18%,-13.78%,184.770,184.770,-0.69%,138838.70,Y,0,0,G,-,,N,-,buy,-,25-03-15,197.61,21.33,11.49,1.9%,1.9%,"转债占流动市值比：1.9%
转债占总市值比：1.9%",0.00,600197,sh110055,有效期：-；质押代码：110055,110055；2019-09-23 开始转股,全价：184.770 最后更新：14:59:59
123063,大禹转债,sz300021,大禹节水,C,4.83,2021-06-16,2021-02-03,2026-07-27,2025-07-28,,,100.000,y,65.78,30,30,0,0.00,,,1.30,120.000,n,130.000,15,30,0,,X,6.380,6.346,AA-,AA-,无担保,,,,szcy,,,123063,123063,0.8100,380021,370021,,N,N,68.990,buy,,,2.55,N,801066131.0,639322453.0,Y,5.14,5061.63,1.98%,00,buy,buy,buy,15:14:03,106.42,12.95%,4.825,1.02%,0.12%,120.200,120.200,0.62%,990.71,Y,0,0,,-,,N,-,buy,-,26-07-27,133.15,6.28,3.38,19.3%,15.4%,"转债占流动市值比：19.3%
转债占总市值比：15.4%",0.00,300021,sz123063,有效期：-；质押代码：123063,123063；2021-02-03 开始转股,全价：120.200 最后更新：15:14:03
128143,锋龙转债,sz002931,锋龙股份,C,12.73,2021-06-08,2021-07-14,2027-01-07,2025-01-07,,,100.000,y,67.10,30,30,0,0.00,,,7.05,115.000,n,130.000,15,30,0,,X,2.450,2.444,A+,A+,股票质押担保,,,,szmb,,,128143,128143,1.7228,082931,072931,,N,N,80.170,buy,,,3.83,N,199139126.0,178662112.0,Y,13.28,2989.31,7.01%,00,buy,buy,buy,15:14:03,104.32,13.50%,5.274,0.54%,-0.17%,118.400,118.400,2.64%,2025.05,Y,0,0,,-,,N,-,buy,-,27-01-07,131.90,16.55,8.91,10.3%,9.2%,"转债占流动市值比：10.3%
转债占总市值比：9.2%",0.00,002931,sz128143,有效期：-；质押代码：128143,128143；2021-07-14 开始转股,全价：118.400 最后更新：15:14:03
128095,恩捷转债,sz002812,恩捷股份,C,64.92,2021-04-30,2020-08-17,2026-02-11,2024-02-12,,,100.000,y,16.22,30,30,0,0.00,,,17.83,110.000,n,130.000,15,30,30,,N,16.000,4.541,AA,AA,无担保,,,,szmb,2021年1月25日公告：本次（2021年1月4日至2021年1月22日）不行使恩捷转债的提前赎回权利，不提前赎回,,128095,128095,1.9866,082812,072812,,N,N,77.840,buy,R,,20.64,N,892405594.0,861172239.0,Y,280.12,209874.32,5.79%,00,buy,buy,buy,15:14:03,431.48,13.56%,4.370,-28.58%,-28.95%,490.000,490.000,9.25%,38728.88,Y,0,0,G,-,,N,-,buy,-,26-02-11,503.56,84.40,45.44,0.2%,0.2%,"转债占流动市值比：0.2%
转债占总市值比：0.2%",0.00,002812,sz128095,有效期：-；质押代码：128095,128095；2020-08-17 开始转股,全价：490.000 最后更新：15:14:03
128029,太阳转债,sz002078,太阳纸业,C,8.45,2021-07-08,2018-06-28,2022-12-22,2020-12-22,,,100.000,y,49.46,30,30,0,0.00,,,7.08,106.000,n,130.000,15,30,30,,X,12.000,9.087,AA+,AA+,无担保,,,,szmb,,,128029,128029,0.4628,082078,072078,,N,N,73.570,buy,R,,1.76,N,2686994204.0,2612703454.0,Y,11.96,40545.29,0.59%,00,buy,buy,buy,15:14:03,141.54,13.96%,1.227,-28.59%,-29.32%,161.300,161.300,1.45%,10409.93,Y,0,0,B,-,,N,-,buy,-,22-12-22,175.26,10.98,5.92,2.9%,2.8%,"转债占流动市值比：2.9%
转债占总市值比：2.8%",0.00,002078,sz128029,有效期：-；质押代码：128029,128029；2018-06-28 开始转股,全价：161.300 最后更新：15:14:03
110063,鹰19转债,sh600567,山鹰国际,C,3.26,2021-07-05,2020-06-19,2025-12-12,2023-12-12,,,100.000,y,66.73,30,30,0,0.00,,,0.73,111.000,n,130.000,15,30,0,,X,18.600,18.092,AA+,AA+,无担保,,,,shmb,,,110063,110063,0.4120,704567,733567,,N,N,31.650,buy,R,,0.96,N,4615929240.0,4615929240.0,Y,3.42,31521.71,-0.58%,00,buy,buy,buy,14:59:56,104.91,14.10%,4.203,-0.78%,-1.44%,119.700,119.700,1.24%,1571.42,Y,0,0,,-,,N,-,buy,-,25-12-12,133.80,4.24,2.28,11.5%,11.5%,"转债占流动市值比：11.5%
转债占总市值比：11.5%",0.00,600567,sh110063,有效期：-；质押代码：110063,110063；2020-06-19 开始转股,全价：119.700 最后更新：14:59:56
113534,鼎胜转债,sh603876,鼎胜新材,C,15.18,2020-07-24,2019-10-16,2025-04-08,2023-04-10,,,100.000,y,25.67,30,30,0,0.00,,,113.76,110.000,n,130.000,15,30,30,,N,12.540,4.390,AA-,AA-,无担保,,,,shmb,2021年7月1日公告：本次（2021年5月19日至2021年6月30日）不提前赎回，至2021年9月30日均不提前赎回,,113534,113534,2.9160,753876,754876,,N,N,46.940,buy,,,4.48,N,483660730.0,483660730.0,Y,41.40,31320.39,7.53%,00,buy,buy,buy,15:00:00,272.73,14.17%,3.523,-25.08%,-25.56%,311.380,311.380,13.03%,153014.21,Y,1,1,G,-,,N,-,buy,-,25-04-08,325.55,19.73,10.63,2.2%,2.2%,"转债占流动市值比：2.2%
转债占总市值比：2.2%",0.00,603876,sh113534,有效期：-；质押代码：113534,113534；2019-10-16 开始转股,全价：311.380 最后更新：15:00:00
113502,嘉澳转债,sh603822,嘉澳环保,C,44.64,2021-06-24,2018-05-17,2023-11-09,2021-11-10,,,100.000,y,60.16,30,30,0,0.00,,,26.72,108.000,n,130.000,15,30,0,,X,1.850,1.845,AA-,A+,公司控股股东桐乡市顺昌投资有限公司,,,,shmb,,,113502,113502,2.5220,753822,754822,,N,N,59.814,buy,,,4.46,N,73360248.0,73360248.0,Y,51.94,11793.42,-0.17%,00,buy,buy,buy,15:00:00,116.35,14.28%,2.110,-8.24%,-9.11%,132.970,132.970,-0.63%,6585.40,Y,0,0,,-,,N,-,buy,-,23-11-09,147.25,58.03,31.25,4.8%,4.8%,"转债占流动市值比：4.8%
转债占总市值比：4.8%",0.00,603822,sh113502,有效期：-；质押代码：113502,113502；2018-05-17 开始转股,全价：132.970 最后更新：15:00:00
128107,交科转债,sz002061,浙江交科,C,5.24,2021-07-13,2020-10-28,2026-04-22,2024-04-22,,,100.000,y,70.54,30,30,0,0.00,,,0.53,110.000,n,130.000,15,30,0,,X,25.000,24.997,AA+,AA+,无担保,,,,szmb,,,128107,128107,1.8173,082061,072061,,N,N,83.390,buy,,,0.79,N,1375697262.0,1375697262.0,Y,5.20,3239.75,-0.38%,00,buy,buy,buy,15:14:03,99.24,14.38%,4.562,0.27%,-0.31%,113.510,113.510,0.01%,1507.59,Y,0,0,,-,,N,-,buy,-,26-04-22,127.89,6.81,3.67,34.9%,34.9%,"转债占流动市值比：34.9%
转债占总市值比：34.9%",0.00,002061,sz128107,有效期：-；质押代码：128107,128107；2020-10-28 开始转股,全价：113.510 最后更新：15:14:03
110043,无锡转债,sh600908,无锡银行,C,5.61,2021-07-06,2018-08-05,2024-01-30,,,,,y,,15,30,0,0.00,,,0.82,106.000,n,130.000,15,30,0,,X,30.000,29.214,AA+,AA+,无担保,,,,shmb,,,110043,110043,1.6230,704908,733908,,N,N,37.110,buy,,,0.70,N,1861673742.0,1763698205.0,Y,5.82,15350.04,-2.51%,00,buy,buy,buy,14:59:46,103.74,14.45%,2.334,-3.91%,-4.54%,118.730,118.730,-0.52%,2846.36,Y,2,2,,-,,N,-,buy,-,24-01-30,133.18,7.29,-,28.5%,27.0%,"转债占流动市值比：28.5%
转债占总市值比：27.0%",0.00,600908,sh110043,有效期：-；质押代码：110043,110043；2018-08-05 开始转股,全价：118.730 最后更新：14:59:46
128109,楚江转债,sz002171,楚江新材,C,8.63,2021-05-31,2020-12-10,2026-06-03,2024-06-03,,,100.000,y,59.75,30,30,0,0.00,,,2.64,110.000,n,130.000,15,30,20,,X,18.300,18.226,AA,AA,无担保,,,,szmb,,,128109,128109,1.4176,082171,072171,,N,N,78.850,buy,R,,2.31,N,1334235198.0,1244390479.0,Y,10.11,19639.88,1.40%,00,buy,buy,buy,15:14:03,117.15,14.47%,4.677,-3.31%,-3.85%,134.100,134.100,1.89%,6449.86,Y,0,0,B,-,,N,-,buy,-,26-06-03,148.57,11.22,6.04,14.5%,13.5%,"转债占流动市值比：14.5%
转债占总市值比：13.5%",0.00,002171,sz128109,有效期：-；质押代码：128109,128109；2020-12-10 开始转股,全价：134.100 最后更新：15:14:03
113577,春秋转债,sh603890,春秋电子,C,10.85,2021-09-03,2020-10-20,2026-04-13,2024-04-15,,,100.000,y,66.22,30,30,0,0.00,,,7.59,112.000,n,130.000,15,30,0,,N,2.400,1.780,AA-,AA-,股份质押担保和保证,,,,shmb,2021年4月7日公告，本次（2021年2月22日至2021年4月2日）不行使春秋转债提前赎回权利，不提前赎回,,113577,113577,0.8750,753890,754890,,N,N,71.240,buy,R,,2.60,N,439148909.0,387081590.0,Y,11.47,1462.51,1.24%,00,buy,buy,buy,14:59:29,105.71,14.58%,4.537,-0.65%,-1.32%,121.130,121.130,2.55%,1611.35,Y,0,0,G,-,,N,-,buy,-,26-04-13,135.71,14.11,7.59,4.0%,3.5%,"转债占流动市值比：4.0%
转债占总市值比：3.5%",0.00,603890,sh113577,有效期：-；质押代码：113577,113577；2020-10-20 开始转股,全价：121.130 最后更新：14:59:29
127035,濮耐转债,sz002225,濮耐股份,C,4.43,,2021-12-01,2026-05-25,2024-05-27,,,100.000,y,66.69,30,30,0,0.00,,,5.23,108.800,n,130.000,15,30,0,,X,6.264,6.264,AA,AA,无,,,,szmb,,,未到转股期,127035,0.6199,082225,072225,,N,N,31.300,buy,,,1.53,N,1010320936.0,812905730.0,Y,4.65,5693.48,4.26%,00,buy,buy,buy,15:14:03,104.97,14.60%,4.652,-1.04%,-1.60%,120.296,120.296,3.26%,3910.12,Y,0,0,,-,,N,-,buy,-,26-05-25,134.90,5.76,3.10,16.6%,13.3%,"转债占流动市值比：16.6%
转债占总市值比：13.3%",0.00,002225,sz127035,有效期：-；质押代码：127035,未到转股期；2021-12-01 开始转股,全价：120.296 最后更新：15:14:03
128091,新天转债,sz002873,新天药业,C,16.27,2021-07-14,2020-07-06,2025-12-30,2024-01-01,,,100.000,y,65.38,30,30,0,0.00,,,6.33,113.000,n,130.000,15,30,0,,X,1.770,1.762,A+,A+,房产抵押和股份质押,,,,szmb,,,128091,128091,1.5410,082873,072873,,N,N,46.250,buy,,,2.41,N,117160565.0,111150543.0,Y,17.42,2123.01,3.32%,00,buy,buy,buy,15:14:03,107.07,14.62%,4.252,-0.66%,-1.44%,122.720,122.720,1.83%,1364.28,Y,0,0,,-,,N,-,buy,-,25-12-30,137.34,21.15,11.39,9.1%,8.6%,"转债占流动市值比：9.1%
转债占总市值比：8.6%",0.00,002873,sz128091,有效期：-；质押代码：128091,128091；2020-07-06 开始转股,全价：122.720 最后更新：15:14:03
110047,山鹰转债,sh600567,山鹰国际,C,3.30,2021-07-05,2019-05-27,2024-11-21,2022-11-21,,,100.000,y,67.54,30,30,0,0.00,,,1.75,113.000,n,130.000,15,30,0,,X,23.000,22.455,AA+,AA+,无担保,,,,shmb,,,110047,110047,0.5030,704567,733567,,N,N,14.080,buy,R,,0.96,N,4615929240.0,4615929240.0,Y,3.42,31521.71,-0.58%,00,buy,buy,buy,14:59:56,103.64,14.71%,3.145,-0.38%,-1.35%,118.880,118.880,0.68%,4658.36,Y,0,0,,-,,N,-,buy,-,24-11-21,133.59,4.29,2.31,14.2%,14.2%,"转债占流动市值比：14.2%
转债占总市值比：14.2%",0.00,600567,sh110047,有效期：-；质押代码：110047,110047；2019-05-27 开始转股,全价：118.880 最后更新：14:59:56
123082,北陆转债,sz300016,北陆药业,C,8.81,2021-06-29,2021-06-11,2026-12-06,2024-12-06,,,100.000,y,69.60,30,30,0,0.00,,,1.16,115.000,n,130.000,15,30,0,,X,5.000,4.993,A+,A+,无担保,,,,szcy,,,123082,123082,1.0111,380016,370016,,N,N,71.430,buy,,,2.38,N,492804775.0,406727925.0,Y,8.86,4837.86,1.14%,00,buy,buy,buy,15:14:03,100.57,14.73%,5.186,1.06%,0.34%,115.380,115.380,1.03%,663.92,Y,1,1,,-,,N,-,buy,-,26-12-06,130.11,11.45,6.17,13.9%,11.4%,"转债占流动市值比：13.9%
转债占总市值比：11.4%",0.00,300016,sz123082,有效期：-；质押代码：123082,123082；2021-06-11 开始转股,全价：115.380 最后更新：15:14:03
113610,灵康转债,sh603669,灵康药业,C,8.61,2021-05-31,2021-06-07,2026-11-30,2024-11-29,,,100.000,y,70.99,30,30,0,0.00,,,2.53,115.000,n,130.000,15,30,0,,X,5.250,4.585,AA-,AA-,控股股东灵康控股保证的担保方式,,,,shmb,,,113610,113610,0.7350,753669,754669,,N,N,78.680,buy,,,4.31,N,713443018.0,713443018.0,Y,8.49,1793.12,1.19%,00,buy,buy,buy,14:59:51,98.61,15.05%,5.170,1.30%,0.59%,113.450,113.450,0.35%,1304.49,Y,0,0,,-,,N,-,buy,-,26-11-30,128.50,11.19,6.03,7.6%,7.6%,"转债占流动市值比：7.6%
转债占总市值比：7.6%",0.00,603669,sh113610,有效期：-；质押代码：113610,113610；2021-06-07 开始转股,全价：113.450 最后更新：14:59:51
110080,东湖转债,sh600133,东湖高新,C,6.05,2021-06-18,2021-10-18,2027-04-12,2025-04-11,,,100.000,y,74.56,30,30,0,0.00,,,1.15,110.000,n,130.000,15,30,0,,X,15.500,15.500,AA,AA,无,,,,shmb,,,未到转股期,110080,1.9480,704133,733133,,N,N,37.440,buy,R,,0.78,Y,795469152.0,795469152.0,Y,5.68,8698.55,-1.56%,00,buy,buy,buy,14:59:54,93.88,15.27%,5.534,1.14%,0.65%,108.220,108.220,0.34%,1919.48,Y,0,0,,-,,N,-,buy,-,27-04-12,123.49,7.87,4.24,34.3%,34.3%,"转债占流动市值比：34.3%
转债占总市值比：34.3%",0.00,600133,sh110080,有效期：-；质押代码：110080,未到转股期；2021-10-18 开始转股,全价：108.220 最后更新：14:59:54
123060,苏试转债,sz300416,苏试试验,C,18.28,2021-04-21,2021-01-27,2026-07-20,2024-07-22,,,100.000,y,58.75,30,30,0,0.00,,,6.68,112.000,n,130.000,15,30,16,,N,3.100,3.097,AA-,AA-,无担保,,,,szcy,2021年9月3日公告：本次（2021年8月2日至2021年9月3日）不行使苏试转债的提前赎回权利，不提前赎回,,123060,123060,1.5243,380416,370416,,N,N,75.120,buy,,,5.65,N,263739000.0,261779250.0,Y,21.78,15257.14,-3.20%,00,buy,buy,buy,15:14:03,119.15,15.40%,4.805,-3.33%,-3.93%,137.500,137.500,-1.08%,2857.72,Y,0,0,G,-,,N,-,buy,-,26-07-20,152.90,23.76,12.80,5.4%,5.4%,"转债占流动市值比：5.4%
转债占总市值比：5.4%",0.00,300416,sz123060,有效期：-；质押代码：123060,123060；2021-01-27 开始转股,全价：137.500 最后更新：15:14:03
123070,鹏辉转债,sz300438,鹏辉能源,C,20.08,2021-08-17,2021-04-26,2026-10-19,2024-10-21,,,100.000,y,51.30,30,30,0,0.00,,,23.30,110.000,n,130.000,20,30,29,,N,8.900,7.490,AA,AA,无担保,,,,szcy,2021年9月2日公告：本次（2021年8月6日至2021年9月2日）不行使提前赎回权利，至2021年12月31日均不提前赎回,,123070,123070,2.1380,380438,370438,,N,N,72.570,buy,,,4.67,N,426015339.0,322386693.0,Y,27.40,34945.05,3.95%,00,buy,buy,buy,15:14:03,136.45,15.50%,5.055,-6.13%,-6.61%,157.599,157.599,7.01%,26921.55,Y,0,0,G,-,,N,-,buy,-,26-10-19,173.10,26.10,14.06,8.5%,6.4%,"转债占流动市值比：8.5%
转债占总市值比：6.4%",0.00,300438,sz123070,有效期：-；质押代码：123070,123070；2021-04-26 开始转股,全价：157.599 最后更新：15:14:03
128087,孚日转债,sz002083,孚日股份,C,4.50,2021-04-28,2020-06-23,2025-12-17,2023-12-18,,,100.000,y,77.21,30,30,0,0.00,,,0.99,108.000,n,130.000,15,30,0,,X,6.500,6.498,AA-,AA-,无担保,,,,szmb,,,128087,128087,0.7403,082083,072083,,N,N,47.200,buy,,,1.00,N,908040649.0,905385073.0,Y,4.08,2030.54,0.99%,00,buy,buy,buy,15:14:03,90.67,15.53%,4.216,1.83%,1.26%,104.749,104.749,0.55%,673.87,Y,1,1,,-,,N,-,buy,-,25-12-17,120.28,5.85,3.15,17.6%,17.5%,"转债占流动市值比：17.6%
转债占总市值比：17.5%",0.00,002083,sz128087,有效期：-；质押代码：128087,128087；2020-06-23 开始转股,全价：104.749 最后更新：15:14:03
123043,正元转债,sz300645,正元智慧,C,15.38,2021-06-09,2020-09-11,2026-03-04,2024-03-04,,,100.000,y,56.07,30,30,0,0.00,,,88.76,115.000,n,130.000,15,30,16,,N,1.750,1.658,A+,A+,无担保,,,,szcy,2021年9月24日公告：本次（2021年8月11日至2021年9月23日）不提前赎回，至2021年12月23日均不提前赎回,,123043,123043,1.3815,380645,370645,,N,N,48.790,buy,,,3.56,N,127321425.0,127638088.0,Y,19.20,3939.09,4.86%,00,buy,buy,buy,15:14:03,124.84,15.58%,4.427,-4.00%,-4.76%,144.291,144.291,1.26%,21386.71,Y,0,0,G,-,,N,-,buy,-,26-03-04,159.87,19.99,10.77,6.8%,6.8%,"转债占流动市值比：6.8%
转债占总市值比：6.8%",0.00,300645,sz123043,有效期：-；质押代码：123043,123043；2020-09-11 开始转股,全价：144.291 最后更新：15:14:03
123080,海波转债,sz300517,海波重科,C,11.58,2021-06-01,2021-06-08,2026-12-01,2024-12-02,,,100.000,y,68.93,30,30,0,0.00,,,1.54,120.000,n,130.000,15,30,0,,X,2.450,2.437,A+,A+,无担保,,,,szcy,,,123080,123080,2.2955,380517,370517,,N,N,77.246,buy,,,2.50,N,192219535.0,112612330.0,Y,11.76,1027.32,2.26%,00,buy,buy,buy,15:14:03,101.55,15.66%,5.173,1.48%,0.62%,117.454,117.454,0.30%,438.28,Y,0,0,,-,,N,-,buy,-,26-12-01,133.11,15.05,8.11,18.4%,10.8%,"转债占流动市值比：18.4%
转债占总市值比：10.8%",0.00,300517,sz123080,有效期：-；质押代码：123080,123080；2021-06-08 开始转股,全价：117.454 最后更新：15:14:03
113024,核建转债,sh601611,中国核建,C,9.70,2021-07-30,2019-10-14,2025-04-07,2023-04-10,,,100.000,y,69.86,30,30,0,0.67,2021-10-08,2021-10-08,7.60,105.000,n,130.000,15,30,0,,X,29.960,29.957,AAA,AAA,无担保,,,,shmb,,,113024,113024,1.1410,764611,783611,,N,N,70.290,buy,R,,1.47,Y,2648928340.0,2625022040.0,Y,9.72,73275.78,-2.90%,00,buy,buy,buy,14:59:57,100.21,15.69%,3.521,-1.69%,-2.17%,115.930,115.930,-1.68%,26331.59,Y,0,0,,-,,N,-,buy,-,25-04-07,131.62,12.61,6.79,11.7%,11.6%,"转债占流动市值比：11.7%
转债占总市值比：11.6%",0.00,601611,sh113024,有效期：2021-10-08 到 2021-10-08；质押代码：113024,113024；2019-10-14 开始转股,全价：115.930 最后更新：14:59:57
128108,蓝帆转债,sz002382,蓝帆医疗,C,18.24,2021-07-07,2020-12-03,2026-05-27,2025-05-27,,,100.000,y,71.01,30,30,0,0.00,,,1.64,108.000,n,130.000,15,30,0,,N,31.440,15.219,AA,AA,无担保,,,,szmb,2021年2月6日公告：本次（2020年12月25日至2021年2月5日）不行使蓝帆转债的提前赎回权利，不提前赎回,,128108,128108,3.2613,082382,072382,,N,N,67.460,buy,R,,1.40,N,1006705036.0,1001648284.0,Y,17.98,15416.92,0.67%,00,buy,buy,buy,15:14:03,98.57,15.71%,4.658,-0.22%,-0.72%,114.060,114.060,0.74%,2839.61,Y,0,0,G,-,,N,-,buy,-,26-05-27,129.77,23.71,12.77,8.5%,8.4%,"转债占流动市值比：8.5%
转债占总市值比：8.4%",0.00,002382,sz128108,有效期：-；质押代码：128108,128108；2020-12-03 开始转股,全价：114.060 最后更新：15:14:03
123118,惠城转债,sz300779,惠城环保,C,17.11,,2022-01-13,2027-07-06,2025-07-07,,,100.000,y,70.00,30,30,0,0.00,,,3.68,115.000,n,130.000,15,30,0,,X,3.200,3.200,A+,A+,无,,,,szcy,,,未到转股期,123118,3.2000,380779,370779,,N,N,33.230,buy,,,2.59,N,100000000.0,69884304.0,Y,17.11,3309.50,0.65%,00,buy,buy,buy,15:14:03,100.00,16.19%,5.767,0.82%,0.18%,116.191,116.191,0.16%,1363.34,Y,0,0,,-,,N,-,buy,-,27-07-06,132.38,22.24,11.98,26.8%,18.7%,"转债占流动市值比：26.8%
转债占总市值比：18.7%",0.00,300779,sz123118,有效期：-；质押代码：123118,未到转股期；2022-01-13 开始转股,全价：116.191 最后更新：15:14:03
110071,湖盐转债,sh600929,雪天盐业,C,6.52,2021-05-31,2021-01-18,2026-07-09,2024-07-09,,,100.000,y,63.74,30,30,0,0.00,,,1.13,110.000,n,130.000,15,30,1,,X,7.200,7.199,AA,AA,无担保,,,,shmb,,,110071,110071,0.7840,704929,733929,,N,N,78.196,buy,R,,2.46,N,931882808.0,917762808.0,Y,7.16,3604.37,2.87%,00,buy,buy,buy,14:56:53,109.82,16.44%,4.775,-2.25%,-2.79%,127.870,127.870,2.53%,1030.16,Y,0,0,,-,,N,-,buy,-,26-07-09,144.31,8.48,4.56,11.0%,10.8%,"转债占流动市值比：11.0%
转债占总市值比：10.8%",0.00,600929,sh110071,有效期：-；质押代码：110071,110071；2021-01-18 开始转股,全价：127.870 最后更新：14:56:53
123073,同和转债,sz300636,同和药业,C,14.82,2021-05-18,2021-05-06,2026-10-25,2024-10-26,,,100.000,y,67.80,30,30,0,0.00,,,1.83,116.000,n,130.000,20,30,0,,X,3.600,3.589,A+,A+,无担保,,,,szcy,,,123073,123073,2.7989,380636,370636,,N,N,70.695,buy,,,3.71,N,205862272.0,175506171.0,Y,15.30,2443.46,2.68%,00,buy,buy,buy,15:14:03,103.24,16.46%,5.071,0.36%,-0.39%,120.232,120.232,0.73%,788.68,Y,1,1,,-,,N,-,buy,-,26-10-25,136.69,19.27,10.37,13.4%,11.4%,"转债占流动市值比：13.4%
转债占总市值比：11.4%",0.00,300636,sz123073,有效期：-；质押代码：123073,123073；2021-05-06 开始转股,全价：120.232 最后更新：15:14:03
128078,太极转债,sz002368,太极股份,C,22.21,2021-07-12,2020-04-27,2025-10-21,2023-10-23,,,100.000,y,64.67,30,30,0,0.00,,,1.11,112.000,n,130.000,15,30,0,,X,10.000,9.601,AA,AA,无担保,,,,szmb,,,128078,128078,2.4226,082368,072368,,N,N,61.950,buy,R,,3.94,N,579643596.0,576156438.0,Y,24.04,14668.20,0.25%,00,buy,buy,buy,15:14:03,108.24,16.59%,4.060,-1.91%,-2.62%,126.193,126.193,2.18%,1334.74,Y,0,0,,-,,N,-,buy,-,25-10-21,142.78,28.87,15.55,6.9%,6.9%,"转债占流动市值比：6.9%
转债占总市值比：6.9%",0.00,002368,sz128078,有效期：-；质押代码：128078,128078；2020-04-27 开始转股,全价：126.193 最后更新：15:14:03
128048,张行转债,sz002839,张家港行,C,5.60,2021-07-08,2019-05-16,2024-11-12,,,,,y,,15,30,0,0.00,,,0.49,109.000,n,130.000,15,30,0,,X,25.000,24.975,AA+,AA+,无担保,,,,szmb,,,128048,128048,1.3831,082839,072839,,N,N,28.880,buy,R,,0.76,N,1807958723.0,1521908107.0,Y,5.68,15992.92,-2.07%,00,buy,buy,buy,15:14:03,101.43,16.82%,3.121,-1.46%,-2.21%,118.487,118.487,-0.48%,1438.21,Y,0,0,,-,,N,-,buy,-,24-11-12,135.31,7.28,-,28.9%,24.3%,"转债占流动市值比：28.9%
转债占总市值比：24.3%",0.00,002839,sz128048,有效期：-；质押代码：128048,128048；2019-05-16 开始转股,全价：118.487 最后更新：15:14:03
123031,晶瑞转债,sz300655,晶瑞电材,C,10.13,2021-05-07,2020-03-05,2025-08-28,2023-08-28,,,100.000,y,17.71,30,30,0,0.00,,,215.58,111.000,n,130.000,15,30,30,,N,1.850,0.532,A+,A+,无担保,,,,szcy,2021年9月27日公告，本次（2021年9月3日至2021年9月27日）不行使晶瑞转债的提前赎回权利，不提前赎回,,123031,123031,1.2217,380655,370655,,N,N,8.110,buy,,,9.73,N,340659357.0,287141388.0,Y,40.05,36982.90,3.68%,00,buy,buy,buy,15:14:03,395.36,16.86%,3.912,-30.18%,-30.61%,462.002,462.002,-1.17%,54413.42,Y,0,0,G,-,,N,-,buy,-,25-08-28,478.86,13.17,7.09,0.5%,0.4%,"转债占流动市值比：0.5%
转债占总市值比：0.4%",0.00,300655,sz123031,有效期：-；质押代码：123031,123031；2020-03-05 开始转股,全价：462.002 最后更新：15:14:03
123027,蓝晓转债,sz300487,蓝晓科技,C,29.02,2021-06-24,2019-12-17,2025-06-10,2023-06-12,,,100.000,y,27.68,30,30,0,0.00,,,392.88,113.000,n,130.000,15,30,30,,N,3.400,1.070,A+,A+,无担保,,,,szcy,2021年8月5日公告：本次（2021年6月18日至2021年7月29日）不行使提前赎回权利，至2021年10月29日前均不提前赎回,,123027,123027,1.6461,380487,370487,,N,N,71.900,buy,,,8.56,N,219784179.0,128223054.0,Y,73.39,29116.14,7.64%,00,buy,buy,buy,15:14:03,252.89,16.88%,3.696,-22.22%,-22.84%,295.582,295.582,7.09%,129256.40,Y,0,0,G,-,,N,-,buy,-,25-06-10,312.46,37.73,20.31,1.1%,0.7%,"转债占流动市值比：1.1%
转债占总市值比：0.7%",0.00,300487,sz123027,有效期：-；质押代码：123027,123027；2019-12-17 开始转股,全价：295.582 最后更新：15:14:03
113609,永安转债,sh603776,永安行,C,16.48,2021-06-11,2021-05-31,2026-11-23,2024-11-25,,,100.000,y,72.83,30,30,0,0.00,,,1.08,115.000,n,130.000,15,30,0,,X,8.860,7.339,AA-,AA-,无担保,,,,shmb,,,113609,113609,4.7620,753776,754776,,N,N,81.304,buy,R,,1.08,N,233428055.0,232727855.0,Y,15.84,2748.11,1.67%,00,buy,buy,buy,14:59:54,96.12,17.01%,5.151,1.38%,0.68%,112.470,112.470,0.69%,889.08,Y,0,0,,-,,N,-,buy,-,26-11-23,129.48,21.42,11.54,19.9%,19.8%,"转债占流动市值比：19.9%
转债占总市值比：19.8%",0.00,603776,sh113609,有效期：-；质押代码：113609,113609；2021-05-31 开始转股,全价：112.470 最后更新：14:59:54
113579,健友转债,sh603707,健友股份,C,32.20,2021-07-15,2020-10-29,2026-04-22,2024-04-22,,,100.000,y,62.61,30,30,0,0.00,,,7.84,109.000,n,130.000,15,30,0,,X,5.030,5.023,AA,AA,无担保,,,,shmb,,,113579,113579,0.7000,753707,754707,,N,N,89.020,buy,R,,10.55,N,1216854400.0,1214108735.0,Y,36.00,43458.75,2.04%,00,buy,buy,buy,14:59:51,111.80,17.15%,4.562,-3.07%,-3.59%,130.970,130.970,1.32%,5129.97,Y,0,0,,-,,N,-,buy,-,26-04-22,148.12,41.86,22.54,1.1%,1.1%,"转债占流动市值比：1.1%
转债占总市值比：1.1%",0.00,603707,sh113579,有效期：-；质押代码：113579,113579；2020-10-29 开始转股,全价：130.970 最后更新：14:59:51
123097,美力转债,sz300611,美力科技,C,9.28,2021-07-09,2021-08-02,2027-01-26,2025-01-27,,,100.000,y,69.62,30,30,0,0.00,,,1.52,115.000,n,130.000,15,30,0,,X,3.000,2.999,A+,A+,无,,,,szcy,,,123097,123097,1.7295,380611,370611,,N,N,57.250,buy,,,2.10,N,178950550.0,121727800.0,Y,9.33,1513.64,2.41%,00,buy,buy,buy,15:14:03,100.54,17.20%,5.326,0.61%,-0.09%,117.830,117.830,1.10%,534.62,Y,0,0,,-,,N,-,buy,-,27-01-26,135.03,12.06,6.50,26.4%,18.0%,"转债占流动市值比：26.4%
转债占总市值比：18.0%",0.00,300611,sz123097,有效期：-；质押代码：123097,123097；2021-08-02 开始转股,全价：117.830 最后更新：15:14:03
113626,伯特转债,sh603596,伯特利,C,36.00,,2022-01-05,2027-06-28,2025-06-27,,,100.000,y,56.31,30,30,0,0.00,,,1.88,116.000,n,130.000,15,30,0,,X,9.020,9.020,AA,AA,无,,,,shmb,,,未到转股期,113626,2.2130,753596,754596,,N,N,70.636,buy,,,6.03,N,408561000.0,406626000.0,Y,44.75,7835.29,1.06%,00,buy,buy,buy,14:59:39,124.31,17.24%,5.745,-3.22%,-3.82%,145.740,145.740,2.66%,2444.48,Y,0,0,,-,,N,-,buy,-,27-06-28,162.98,46.80,25.20,5.0%,4.9%,"转债占流动市值比：5.0%
转债占总市值比：4.9%",0.00,603596,sh113626,有效期：-；质押代码：113626,未到转股期；2022-01-05 开始转股,全价：145.740 最后更新：14:59:39
111000,起帆转债,sh605222,起帆电缆,C,20.53,,2021-11-29,2027-05-24,2025-05-23,,,100.000,y,68.50,30,30,0,0.00,,,0.70,115.000,n,130.000,15,30,0,,X,10.000,10.000,AA-,AA-,无,,,,shmb,,,未到转股期,111000,,715222,713222,,N,N,35.980,buy,,,2.71,N,418197000.0,100000000.0,Y,20.98,4019.19,2.74%,00,buy,buy,buy,14:59:07,102.19,17.31%,5.649,0.09%,-0.53%,119.880,119.880,2.26%,832.39,Y,0,0,,-,,N,-,buy,-,27-05-24,137.19,26.69,14.37,47.7%,11.4%,"转债占流动市值比：47.7%
转债占总市值比：11.4%",0.00,605222,sh111000,有效期：-；质押代码：111000,未到转股期；2021-11-29 开始转股,全价：119.880 最后更新：14:59:07
113582,火炬转债,sh603678,火炬电子,C,24.99,2021-07-09,2020-12-02,2026-05-27,2024-05-27,,,100.000,y,24.80,30,30,0,0.00,,,7.46,110.000,n,130.000,15,30,30,,N,6.000,4.178,AA,AA,无担保,,,,shmb,2021年8月3日公告，本次（2021年7月14日至2021年8月3日）不行提前赎回权利，至2022年2月3日均不提前赎回,,113582,113582,1.3290,753678,754678,,N,N,73.030,buy,R,,7.60,N,459855292.0,459028492.0,Y,70.55,25435.80,0.67%,00,buy,buy,buy,14:59:54,282.31,17.57%,4.658,-20.64%,-21.04%,331.920,331.920,0.73%,10533.76,Y,0,0,G,-,,N,-,buy,-,26-05-27,349.49,32.49,17.49,1.3%,1.3%,"转债占流动市值比：1.3%
转债占总市值比：1.3%",0.00,603678,sh113582,有效期：-；质押代码：113582,113582；2020-12-02 开始转股,全价：331.920 最后更新：14:59:54
113033,利群转债,sh601366,利群股份,C,7.01,2020-07-20,2020-10-09,2026-03-31,2024-04-01,,,100.000,y,79.15,30,30,0,0.00,,,0.67,110.000,n,130.000,15,30,0,,X,18.000,17.998,AA,AA,无担保,,,,shmb,,,113033,113033,2.0910,764366,783366,,N,N,50.370,buy,,,1.18,N,860517957.0,834037615.0,Y,6.20,451.87,0.00%,00,buy,buy,buy,14:59:08,88.45,17.60%,4.501,2.28%,1.67%,104.010,104.010,-0.18%,1255.20,Y,0,0,,-,,N,-,buy,-,26-03-31,121.61,9.11,4.91,34.8%,33.7%,"转债占流动市值比：34.8%
转债占总市值比：33.7%",0.00,601366,sh113033,有效期：-；质押代码：113033,113033；2020-10-09 开始转股,全价：104.010 最后更新：14:59:08
127005,长证转债,sz000783,长江证券,C,7.13,2021-07-20,2018-09-17,2024-03-12,,,,,y,,15,30,0,0.82,2021-10-08,2021-10-08,0.33,105.000,n,130.000,15,30,0,,X,50.000,49.965,AAA,AAA,无担保,,,,szmb,,,127005,127005,0.9042,080783,070783,,N,N,50.330,buy,R,,1.42,N,5529941971.0,5529941971.0,Y,7.65,19506.04,0.53%,00,buy,buy,buy,15:14:03,107.29,17.61%,2.449,-6.15%,-6.73%,126.187,126.187,0.48%,2059.49,Y,0,0,,-,,N,-,buy,-,24-03-12,143.80,9.27,-,11.8%,11.8%,"转债占流动市值比：11.8%
转债占总市值比：11.8%",0.00,000783,sz127005,有效期：2021-10-08 到 2021-10-08；质押代码：127005,127005；2018-09-17 开始转股,全价：126.187 最后更新：15:14:03
123022,长信转债,sz300088,长信科技,C,6.05,2021-06-17,2019-09-23,2025-03-18,2023-03-18,,,100.000,y,57.15,30,30,0,0.00,,,5.21,110.000,n,130.000,15,30,16,,N,12.300,2.566,AA,AA,无担保,,,,szcy,2021年9月22日公告，本次（2021年8月10日至2021年9月22日）不行使提前赎回权利，不提前赎回,,123022,123022,0.5350,380088,370088,,N,N,42.700,buy,R,,2.51,N,2454854235.0,2442630753.0,Y,7.41,21845.84,0.68%,00,buy,buy,buy,15:14:03,122.48,17.70%,3.466,-6.59%,-7.26%,144.160,144.160,2.21%,1918.75,Y,0,0,G,-,,N,-,buy,-,25-03-18,161.86,7.87,4.24,1.4%,1.4%,"转债占流动市值比：1.4%
转债占总市值比：1.4%",0.00,300088,sz123022,有效期：-；质押代码：123022,123022；2019-09-23 开始转股,全价：144.160 最后更新：15:14:03
128140,润建转债,sz002929,润建股份,C,26.40,2021-06-07,2021-06-15,2026-12-04,2024-12-06,,,100.000,y,64.37,30,30,0,0.00,,,0.90,110.000,n,130.000,15,30,0,,X,10.900,10.898,AA,AA,无担保,,,,szmb,,,128140,128140,4.9377,082929,072929,,N,N,83.270,buy,,,1.86,N,220749070.0,161937321.0,Y,28.71,4403.67,2.72%,00,buy,buy,buy,15:14:03,108.75,18.01%,5.181,-2.10%,-2.61%,128.341,128.341,2.26%,1249.41,Y,0,0,,-,,N,-,buy,-,26-12-04,146.35,34.32,18.48,23.4%,17.2%,"转债占流动市值比：23.4%
转债占总市值比：17.2%",0.00,002929,sz128140,有效期：-；质押代码：128140,128140；2021-06-15 开始转股,全价：128.341 最后更新：15:14:03
110045,海澜转债,sh600398,海澜之家,C,7.04,2021-06-17,2019-01-19,2024-07-13,2022-07-13,,,100.000,y,70.10,30,30,0,0.00,,,0.12,108.000,n,130.000,15,30,0,,X,30.000,29.498,AA+,AA+,无担保,,,,shmb,,,110045,110045,0.6670,704398,733398,,N,N,54.100,buy,R,,2.13,N,4319599916.0,4319599916.0,Y,7.03,7573.23,-0.28%,00,buy,buy,buy,14:59:46,99.86,18.27%,2.786,-2.45%,-3.11%,118.100,118.100,0.04%,421.48,Y,1,1,,-,,N,-,buy,-,24-07-13,136.37,9.15,4.93,9.7%,9.7%,"转债占流动市值比：9.7%
转债占总市值比：9.7%",0.00,600398,sh110045,有效期：-；质押代码：110045,110045；2019-01-19 开始转股,全价：118.100 最后更新：14:59:46
128037,岩土转债,sz002542,中化岩土,C,3.10,2021-07-07,2018-09-21,2024-03-15,2022-03-15,,,100.000,y,75.87,30,30,0,0.00,,,1.26,108.000,n,130.000,15,30,0,,X,6.037,6.028,AA,AA,无担保,,,,szmb,,,128037,128037,0.3333,082542,072542,,N,N,13.370,buy,,,1.25,N,1805336239.0,1450933340.0,Y,2.86,2590.27,0.35%,00,buy,buy,buy,15:14:03,92.26,18.32%,2.458,0.81%,-0.05%,109.164,109.164,0.24%,828.40,Y,1,1,,-,,N,-,buy,-,24-03-15,127.48,4.03,2.17,14.5%,11.7%,"转债占流动市值比：14.5%
转债占总市值比：11.7%",0.00,002542,sz128037,有效期：-；质押代码：128037,128037；2018-09-21 开始转股,全价：109.164 最后更新：15:14:03
128025,特一转债,sz002728,特一药业,C,14.05,2021-06-03,2018-06-12,2023-12-06,2021-12-06,,,100.000,y,72.32,30,30,0,0.00,,,12.99,106.000,n,130.000,15,30,0,,X,3.540,2.980,AA-,AA-,许丹青的股票 ,,,,szmb,,,128025,128025,1.7700,082728,072728,,N,N,74.250,buy,,,2.70,N,203587439.0,127169939.0,Y,13.60,6587.40,3.19%,00,buy,buy,buy,15:14:03,96.80,18.50%,2.184,-2.43%,-3.16%,114.708,114.708,1.77%,4422.40,Y,1,1,,-,,N,-,buy,-,23-12-06,133.21,18.27,9.84,17.2%,10.8%,"转债占流动市值比：17.2%
转债占总市值比：10.8%",0.00,002728,sz128025,有效期：-；质押代码：128025,128025；2018-06-12 开始转股,全价：114.708 最后更新：15:14:03
113628,晨丰转债,sh603685,晨丰科技,C,13.06,,2022-02-28,2027-08-23,2025-08-22,,,100.000,y,76.31,30,30,0,0.00,,,6.35,115.000,n,130.000,15,30,0,,X,4.150,4.150,A,A,股权质押担保,,,,shmb,,,未到转股期,113628,0.2455,753685,754685,,N,N,50.960,-,,,1.83,N,169000000.0,169000000.0,Y,11.98,539.96,0.84%,00,buy,buy,buy,14:59:59,91.73,18.65%,5.899,1.95%,1.31%,108.840,108.840,0.78%,2859.47,Y,0,0,,-,,N,-,buy,-,27-08-23,127.49,16.98,9.14,20.5%,20.5%,"转债占流动市值比：20.5%
转债占总市值比：20.5%",0.00,603685,sh113628,有效期：-；质押代码：113628,未到转股期；2022-02-28 开始转股,全价：108.840 最后更新：14:59:59
110057,现代转债,sh600420,国药现代,C,9.79,2021-06-25,2019-10-08,2025-03-31,2023-04-01,,,100.000,y,71.09,30,30,0,0.71,2021-10-08,2021-10-08,0.34,106.000,n,130.000,15,30,0,,X,16.160,16.157,AAA,AAA,无担保,,,,shmb,,,110057,110057,1.5290,704420,733420,,N,N,32.790,buy,,,1.17,N,1026961901.0,1026961901.0,Y,9.64,3945.40,0.42%,00,buy,buy,buy,14:59:29,98.47,18.71%,3.501,-1.68%,-2.21%,116.890,116.890,0.91%,646.36,Y,0,0,,-,,N,-,buy,-,25-03-31,135.60,12.73,6.85,16.3%,16.3%,"转债占流动市值比：16.3%
转债占总市值比：16.3%",0.00,600420,sh110057,有效期：2021-10-08 到 2021-10-08；质押代码：110057,110057；2019-10-08 开始转股,全价：116.890 最后更新：14:59:29
123126,瑞丰转债,sz300243,瑞丰高材,C,17.80,,2022-03-16,2027-09-09,2025-09-09,,,100.000,y,83.12,30,30,0,0.00,,,,120.000,n,130.000,15,30,0,,X,3.400,3.400,A+,A+,无,,,,szcy,,,未到转股期,123126,1.4634,380243,370243,,N,N,,-,,,4.37,N,232322851.0,188844832.0,Y,14.99,4541.30,2.60%,00,buy,buy,buy,,84.21,18.75%,5.945,4.59%,3.73%,100.000,100.000,0.00%,0.00,Y,0,0,,-,,N,-,buy,-,27-09-09,118.75,23.14,12.46,12.0%,9.8%,"转债占流动市值比：12.0%
转债占总市值比：9.8%",0.00,300243,sz123126,有效期：-；质押代码：123126,未到转股期；2022-03-16 开始转股,待上市
123061,航新转债,sz300424,航新科技,C,14.85,2021-07-06,2021-01-28,2026-07-21,2024-07-22,,,100.000,y,68.57,30,30,0,0.00,,,13.93,118.000,n,130.000,15,30,0,,X,2.500,2.497,A+,A+,无担保,,,,szcy,,,123061,123061,1.0422,380424,370424,,N,N,65.500,buy,,,5.06,N,239882802.0,200523796.0,Y,15.16,3520.22,1.00%,00,buy,buy,buy,15:14:03,102.09,18.82%,4.808,0.52%,-0.33%,121.300,121.300,1.08%,4212.59,Y,0,0,,-,,N,-,buy,-,26-07-21,140.12,19.30,10.39,8.2%,6.9%,"转债占流动市值比：8.2%
转债占总市值比：6.9%",0.00,300424,sz123061,有效期：-；质押代码：123061,123061；2021-01-28 开始转股,全价：121.300 最后更新：15:14:03
123087,明电转债,sz300739,明阳电路,C,16.32,2021-05-24,2021-06-21,2026-12-14,2025-12-15,,,100.000,y,60.82,30,30,0,0.00,,,5.65,115.000,n,130.000,15,30,0,,X,6.730,4.190,AA-,AA-,无担保,,,,szcy,,,123087,123087,2.4094,380739,370739,,N,N,84.410,buy,R,,3.27,N,294784701.0,288238701.0,Y,16.10,6669.99,1.77%,00,buy,buy,buy,15:14:03,98.65,18.96%,5.208,0.63%,-0.07%,117.360,117.360,1.43%,2768.88,Y,1,1,,-,,N,-,buy,-,26-12-14,136.32,21.22,9.79,9.0%,8.8%,"转债占流动市值比：9.0%
转债占总市值比：8.8%",0.00,300739,sz123087,有效期：-；质押代码：123087,123087；2021-06-21 开始转股,全价：117.360 最后更新：15:14:03
128127,文科转债,sz002775,文科园林,C,4.88,2021-05-17,2021-03-01,2026-08-19,2024-08-19,,,100.000,y,84.35,30,30,0,0.00,,,1.41,115.000,n,130.000,15,30,0,,X,9.500,9.498,AA-,AA-,无担保,,,,szmb,,,128127,128127,1.8880,082775,072775,,N,N,77.780,buy,,,0.91,N,512767053.0,446111778.0,Y,4.05,1891.31,2.02%,00,buy,buy,buy,15:14:03,82.99,19.01%,4.888,4.30%,3.52%,98.766,98.766,0.58%,1324.76,Y,0,0,,-,,N,-,buy,-,26-08-19,117.78,6.34,3.42,52.6%,45.7%,"转债占流动市值比：52.6%
转债占总市值比：45.7%",0.00,002775,sz128127,有效期：-；质押代码：128127,128127；2021-03-01 开始转股,全价：98.766 最后更新：15:14:03
128119,龙大转债,sz002726,龙大肉食,C,9.29,2021-08-12,2021-01-18,2026-07-12,2024-07-15,,,100.000,y,65.89,30,30,0,0.00,,,0.38,115.000,n,130.000,30,15,0,,N,9.500,9.462,AA,AA,无担保,,,,szmb,"2021年2月9日公告：本次（2021年1月18日起至2021年2月9日）已有10个交易
日高于转股价的130%，未来满足条件亦不行使提前赎回权利",,128119,128119,0.9516,082726,072726,,N,N,73.670,buy,R,,2.97,N,1078173031.0,993584682.0,Y,9.87,6071.24,2.07%,00,buy,buy,buy,15:14:03,106.24,19.04%,4.784,-1.13%,-1.83%,126.471,126.471,1.20%,456.04,Y,0,0,G,-,,N,-,buy,-,26-07-12,145.51,12.08,6.50,9.6%,8.9%,"转债占流动市值比：9.6%
转债占总市值比：8.9%",0.00,002726,sz128119,有效期：-；质押代码：128119,128119；2021-01-18 开始转股,全价：126.471 最后更新：15:14:03
123114,三角转债,sz300775,三角防务,C,31.82,,2021-11-30,2027-05-24,2025-05-26,,,100.000,y,50.65,30,30,0,0.00,,,6.07,115.000,n,130.000,15,30,0,,X,9.044,9.044,AA-,AA-,无,,,,szcy,,,未到转股期,123114,1.8251,380775,370775,,N,N,70.489,buy,,,9.87,N,495500000.0,264000000.0,Y,43.98,16577.63,2.18%,00,buy,buy,buy,15:14:03,138.21,19.16%,5.649,-5.40%,-5.99%,164.700,164.700,3.26%,9004.11,Y,0,0,,-,,N,-,buy,-,27-05-24,183.86,41.37,22.27,7.8%,4.2%,"转债占流动市值比：7.8%
转债占总市值比：4.2%",0.00,300775,sz123114,有效期：-；质押代码：123114,未到转股期；2021-11-30 开始转股,全价：164.700 最后更新：15:14:03
128040,华通转债,sz002758,浙农股份,C,10.15,2021-06-07,2018-12-21,2024-06-13,2022-06-14,,,100.000,y,73.55,30,30,0,0.00,,,1.11,108.000,n,130.000,15,30,0,,X,2.240,2.222,AA,AA,出质人钱木水、沈剑巢、朱国良将其合法拥有的公司股票作为质押资产进行质押担保，钱木水、沈剑巢、朱国良为本次发行可转债提供连带责任保证,,,,szmb,,,128040,128040,1.0666,082758,072758,,N,N,29.770,buy,,,1.52,N,487989984.0,195024547.0,Y,9.66,1239.82,1.58%,00,buy,buy,buy,15:14:03,95.17,19.26%,2.704,-0.73%,-1.49%,113.500,113.500,0.55%,279.18,Y,0,0,,-,,N,-,buy,-,24-06-13,132.76,13.20,7.11,11.8%,4.7%,"转债占流动市值比：11.8%
转债占总市值比：4.7%",0.00,002758,sz128040,有效期：-；质押代码：128040,128040；2018-12-21 开始转股,全价：113.500 最后更新：15:14:03
123074,隆利转债,sz300752,隆利科技,C,18.34,2021-08-10,2021-05-06,2026-10-28,2024-10-29,,,100.000,y,63.27,30,30,0,0.00,,,92.75,118.000,n,130.000,15,30,13,,N,3.245,1.479,AA-,AA-,无担保,,,,szcy,2021年8月3日公告：本次（2021年6月23日至2021年8月3日）不行使提前赎回权利，至2021年11月2日均不提前赎回,,123074,123074,2.7097,380752,370752,,N,N,76.930,buy,,,5.09,N,202236342.0,64107277.0,Y,20.29,6819.67,2.06%,00,buy,buy,buy,15:14:03,110.63,19.82%,5.079,-1.33%,-2.10%,132.561,132.561,1.35%,19036.55,Y,0,0,G,-,,N,-,buy,-,26-10-28,152.38,23.84,12.84,11.4%,3.6%,"转债占流动市值比：11.4%
转债占总市值比：3.6%",0.00,300752,sz123074,有效期：-；质押代码：123074,123074；2021-05-06 开始转股,全价：132.561 最后更新：15:14:03
113570,百达转债,sh603331,百达精工,C,11.34,2021-06-30,2020-09-17,2026-03-10,2024-03-11,,,100.000,y,74.05,30,30,0,0.00,,,0.53,110.000,n,130.000,15,30,0,,X,2.800,2.799,A+,A+,股份质押的担保,,,,shmb,,,113570,113570,2.1800,753331,754331,,N,N,46.370,buy,,,2.14,N,178158245.0,178158245.0,Y,10.72,1000.33,1.13%,00,buy,buy,buy,14:59:20,94.53,19.93%,4.444,0.31%,-0.29%,113.370,113.370,1.18%,168.70,Y,0,0,,-,,N,-,buy,-,26-03-10,133.30,14.74,7.94,14.7%,14.7%,"转债占流动市值比：14.7%
转债占总市值比：14.7%",0.00,603331,sh113570,有效期：-；质押代码：113570,113570；2020-09-17 开始转股,全价：113.370 最后更新：14:59:20
113516,苏农转债,sh603323,苏农银行,C,5.37,2021-06-08,2019-02-11,2024-08-01,,,,,n,,15,30,0,0.00,,,0.37,110.000,n,130.000,15,30,0,,X,25.000,12.885,AA+,AA+,无担保,,,,shmb,,,113516,113516,1.7260,753323,754323,,N,N,28.630,buy,R,,0.75,N,1803070253.0,1439992019.0,Y,5.20,7648.21,-0.76%,00,buy,buy,buy,14:59:02,96.83,20.01%,2.838,-0.90%,-1.74%,116.210,116.210,1.26%,553.30,Y,0,0,,-,,N,-,buy,-,24-08-01,136.22,6.98,-,17.2%,13.7%,"转债占流动市值比：17.2%
转债占总市值比：13.7%",0.00,603323,sh113516,有效期：-；质押代码：113516,113516；2019-02-11 开始转股,全价：116.210 最后更新：14:59:02
113011,光大转债,sh601818,光大银行,C,3.55,2021-07-21,2017-09-18,2023-03-17,,,,,n,,0,0,0,0.71,2021-10-08,2021-10-08,0.17,105.000,n,130.000,15,30,0,,X,300.000,241.980,AAA,AAA,无担保,,,,shmb,,,113011,113011,0.7530,764818,783818,4,N,N,,buy,R,,0.40,Y,54031917071.0,41353181571.0,Y,3.39,22618.62,-0.29%,00,buy,buy,buy,14:59:59,95.49,20.06%,1.460,-4.79%,-5.62%,114.650,114.650,0.22%,4687.47,Y,0,0,,-,,N,-,buy,-,23-03-17,134.71,4.62,-,17.3%,13.2%,"转债占流动市值比：17.3%
转债占总市值比：13.2%",0.00,601818,sh113011,有效期：2021-10-08 到 2021-10-08；质押代码：113011,113011；2017-09-18 开始转股,全价：114.650 最后更新：14:59:59
128129,青农转债,sz002958,青农商行,C,4.32,2021-07-07,2021-03-01,2026-08-24,,,,,y,,0,0,0,0.72,2021-10-08,2021-10-08,0.16,108.000,n,130.000,15,30,0,,X,50.000,49.998,AAA,AAA,无担保,,,,szmb,,,128129,128129,0.8999,082958,072958,,N,N,63.730,buy,R,,0.66,N,5555598049.0,2705600504.0,Y,3.89,5513.71,-0.77%,00,buy,buy,buy,15:14:03,90.05,20.07%,4.901,0.73%,0.28%,108.120,108.120,0.19%,840.41,Y,1,1,,-,,N,-,buy,-,26-08-24,128.19,5.62,-,47.5%,23.1%,"转债占流动市值比：47.5%
转债占总市值比：23.1%",0.00,002958,sz128129,有效期：2021-10-08 到 2021-10-08；质押代码：128129,128129；2021-03-01 开始转股,全价：108.120 最后更新：15:14:03
127022,恒逸转债,sz000703,恒逸石化,C,11.20,2021-07-06,2021-04-22,2026-10-15,2024-10-15,,,100.000,y,68.17,30,30,0,0.00,,,1.67,105.000,n,130.000,15,30,0,,X,20.000,19.998,AA+,AA+,无担保,,,,szmb,,,127022,127022,0.5432,080703,070703,,N,N,72.120,buy,R,,1.61,N,3666274284.0,3388188858.0,Y,11.50,25616.72,0.44%,00,buy,buy,buy,15:14:03,102.68,20.38%,5.044,-2.52%,-2.83%,123.600,123.600,2.31%,4133.10,Y,0,0,,-,,N,-,buy,-,26-10-15,143.98,14.56,7.84,5.1%,4.7%,"转债占流动市值比：5.1%
转债占总市值比：4.7%",0.00,000703,sz127022,有效期：-；质押代码：127022,127022；2021-04-22 开始转股,全价：123.600 最后更新：15:14:03
128090,汽模转2,sz002510,天汽模,C,4.23,2021-06-30,2020-07-03,2025-12-27,2023-12-27,,,100.000,y,73.84,30,30,0,0.00,,,1.77,110.000,n,130.000,15,30,0,,X,4.710,3.102,AA-,AA-,无担保,,,,szmb,,,128090,128090,0.5114,082510,072510,,N,N,41.350,buy,,,1.80,N,941516330.0,931216279.0,Y,4.01,2969.45,1.26%,00,buy,buy,buy,15:14:03,94.80,20.57%,4.244,0.12%,-0.50%,114.303,114.303,1.24%,622.52,Y,0,0,,-,,N,-,buy,-,25-12-27,134.87,5.50,2.96,8.3%,8.2%,"转债占流动市值比：8.3%
转债占总市值比：8.2%",0.00,002510,sz128090,有效期：-；质押代码：128090,128090；2020-07-03 开始转股,全价：114.303 最后更新：15:14:03
123106,正丹转债,sz300641,正丹股份,C,7.50,2021-06-25,2021-09-30,2027-03-23,2025-03-24,,,100.000,y,72.31,30,30,0,0.00,,,3.74,120.000,n,130.000,15,30,0,,X,3.200,3.200,AA-,AA-,无,,,,szcy,,,123106,123106,0.6582,380641,370641,,N,N,12.377,buy,,,2.38,N,489600000.0,489600000.0,Y,7.26,7046.08,5.07%,00,buy,buy,buy,15:14:03,96.80,20.73%,5.479,1.33%,0.55%,116.869,116.869,2.59%,1388.09,Y,0,0,,-,,N,-,buy,-,27-03-23,137.60,9.75,5.25,9.0%,9.0%,"转债占流动市值比：9.0%
转债占总市值比：9.0%",0.00,300641,sz123106,有效期：-；质押代码：123106,123106；2021-09-30 开始转股,全价：116.869 最后更新：15:14:03
113629,泉峰转债,sh603982,泉峰汽车,C,23.03,,2022-03-22,2027-09-13,2025-09-15,,,100.000,y,84.67,30,30,0,0.00,,,,115.000,n,130.000,15,30,0,,X,6.200,6.200,AA-,AA-,无,,,,shmb,,,未到转股期,113629,3.0780,753982,754982,,N,N,36.230,-,,,2.36,N,201415700.0,81723140.0,Y,19.04,4314.65,-0.05%,00,buy,buy,buy,,82.67,20.96%,5.956,3.31%,2.68%,100.000,100.000,0.00%,0.00,Y,0,0,,-,,N,-,buy,-,27-09-13,120.96,29.94,16.12,39.8%,16.2%,"转债占流动市值比：39.8%
转债占总市值比：16.2%",0.00,603982,sh113629,有效期：-；质押代码：113629,未到转股期；2022-03-22 开始转股,待上市
