bond_id,bond_nm,stock_id,stock_nm,btype,convert_price,convert_price_valid_from,convert_dt,maturity_dt,next_put_dt,put_dt,put_notes,put_price,put_inc_cpn_fl,put_convert_price_ratio,put_count_days,put_total_days,put_real_days,repo_discount_rt,repo_valid_from,repo_valid_to,turnover_rt,redeem_price,redeem_inc_cpn_fl,redeem_price_ratio,redeem_count_days,redeem_total_days,redeem_real_days,redeem_dt,redeem_flag,orig_iss_amt,curr_iss_amt,rating_cd,issuer_rating_cd,guarantor,ssc_dt,esc_dt,sc_notes,market_cd,force_redeem,real_force_redeem_price,convert_cd,repo_cd,ration,ration_cd,apply_cd,online_offline_ratio,qflag,qflag2,ration_rt,fund_rt,margin_flg,lt_bps,pb,pb_flag,total_shares,float_shares,sqflg,sprice,svolume,sincrease_rt,qstatus,bond_value,bond_value2,volatility_rate,last_time,convert_value,premium_rt,year_left,ytm_rt,ytm_rt_tax,price,full_price,increase_rt,volume,convert_price_valid,adj_scnt,adj_cnt,redeem_icon,ref_yield_info,adjust_tip,adjusted,option_tip,bond_value3,left_put_year,short_maturity_dt,dblow,force_redeem_price,put_convert_price,convert_amt_ratio,convert_amt_ratio2,convert_amt_ratio_tips,stock_net_value,stock_cd,pre_bond_id,repo_valid,convert_cd_tip,price_tips
127052,杭锅转债,sz002534,杭锅股份,C,28.08,,2022-06-30,2027-12-23,2025-12-23,,,100.000,y,62.40,30,30,0,0.00,,,,110.000,n,130.000,15,30,0,,X,11.100,11.100,AA,AA,无,,,,szmb,,,未到转股期,127052,1.5445,082534,072534,,N,N,72.180,-,,,6.74,N,739201050.0,725645705.0,Y,31.50,18379.64,0.64%,00,buy,buy,buy,,112.18,-10.86%,5.953,2.43%,1.96%,100.000,100.000,0.00%,0.00,Y,0,0,,-,,N,-,buy,-,27-12-23,89.14,36.50,19.66,4.9%,4.8%,"转债占流动市值比：4.9%
转债占总市值比：4.8%",0.00,002534,sz127052,有效期：-；质押代码：127052,未到转股期；2022-06-30 开始转股,待上市
123135,泰林转债,sz300813,泰林生物,C,87.38,,2022-07-04,2027-12-27,2025-12-29,,,100.000,y,63.31,30,30,0,0.00,,,,115.000,n,130.000,15,30,0,,X,2.100,2.100,A+,A+,无,,,,szcy,,,未到转股期,123135,4.0407,380813,370813,,N,N,78.220,-,,,10.35,N,51970000.0,16277000.0,Y,96.61,10156.01,-4.03%,00,buy,buy,buy,,110.56,-9.55%,5.964,3.40%,2.75%,100.000,100.000,0.00%,0.00,Y,0,0,,-,,N,-,buy,-,27-12-27,90.45,113.59,61.17,13.4%,4.2%,"转债占流动市值比：13.4%
转债占总市值比：4.2%",0.00,300813,sz123135,有效期：-；质押代码：123135,未到转股期；2022-07-04 开始转股,待上市
113637,华翔转债,sh603112,华翔股份,C,12.99,,2022-06-28,2027-12-22,2025-12-22,,,100.000,y,66.37,30,30,0,0.00,,,,115.000,n,130.000,15,30,0,,X,8.000,8.000,AA-,AA-,无,,,,shmb,,,未到转股期,113637,1.8300,753112,754112,,N,N,77.900,-,,,3.01,N,436090490.0,153864926.0,Y,13.70,4991.30,2.62%,00,buy,buy,buy,,105.47,-5.18%,5.951,3.32%,2.69%,100.000,100.000,0.00%,0.00,Y,0,0,,-,,N,-,buy,-,27-12-22,94.82,16.89,9.09,38.0%,13.4%,"转债占流动市值比：38.0%
转债占总市值比：13.4%",0.00,603112,sh113637,有效期：-；质押代码：113637,未到转股期；2022-06-28 开始转股,待上市
123133,佩蒂转债,sz300673,佩蒂股份,C,19.92,,2022-06-28,2027-12-21,2025-12-22,,,100.000,y,68.09,30,30,0,0.00,,,,115.000,n,130.000,15,30,0,,X,7.200,7.200,AA-,AA-,无,,,,szcy,,,未到转股期,123133,2.8412,380673,370673,,N,N,81.350,-,,,3.12,N,253411200.0,162384480.0,Y,20.48,7130.22,2.09%,00,buy,buy,buy,,102.81,-2.73%,5.948,3.25%,2.63%,100.000,100.000,0.00%,0.00,Y,0,0,,-,,N,-,buy,-,27-12-21,97.27,25.90,13.94,21.7%,13.9%,"转债占流动市值比：21.7%
转债占总市值比：13.9%",0.00,300673,sz123133,有效期：-；质押代码：123133,未到转股期；2022-06-28 开始转股,待上市
127007,湖广转债,sz000665,湖北广电,C,5.58,2020-07-17,2019-01-04,2024-06-28,2022-06-28,,,100.000,y,46.17,30,30,0,0.00,,,392.74,108.000,n,130.000,15,30,4,,X,17.336,9.990,AA+,AA+,无担保,,,,szmb,,,127007,127007,2.7248,080665,070665,,N,N,16.550,buy,R,,1.44,N,1014363870.0,1014306085.0,Y,8.46,170827.09,10.01%,00,buy,buy,buy,15:14:03,151.61,-1.06%,2.466,-11.57%,-12.28%,150.000,150.000,8.85%,549659.40,Y,1,1,,-,,N,-,buy,-,24-06-28,148.94,7.25,3.91,11.6%,11.6%,"转债占流动市值比：11.6%
转债占总市值比：11.6%",0.00,000665,sz127007,有效期：-；质押代码：127007,127007；2019-01-04 开始转股,全价：150.000 最后更新：15:14:03
113034,滨化转债,sh601678,滨化股份,C,4.58,2021-05-27,2020-10-16,2026-04-09,2024-04-09,,,100.000,y,41.05,30,30,0,0.00,,,711.70,110.000,n,130.000,15,30,28,2022-01-10,Y,24.000,0.091,AA,AA,无担保,,,,shmb,"最后交易日：2022年1月10日
最后转股日：2022年1月10日
赎回价：100.378元/张",100.378,113034,113034,1.5770,764678,783678,,N,N,51.730,buy,R,,1.59,N,2000826817.0,2000826817.0,Y,7.81,27997.17,0.00%,00,buy,buy,buy,14:59:58,170.52,-0.78%,4.247,-8.88%,-9.42%,169.200,169.200,-0.63%,10999.81,Y,0,0,R,-,,N,-,buy,-,26-04-09,168.42,5.95,3.21,0.1%,0.1%,"转债占流动市值比：0.1%
转债占总市值比：0.1%",0.00,601678,sh113034,有效期：-；质押代码：113034,113034；2020-10-16 开始转股,全价：169.200 最后更新：14:59:58
113638,台21转债,sh603055,台华新材,C,16.87,,2022-07-05,2027-12-28,2025-12-29,,,100.000,y,69.55,30,30,0,0.00,,,,112.000,n,130.000,15,30,0,,X,6.000,6.000,AA,AA,,,,,shmb,,,未到转股期,113638,0.6910,753055,754055,,N,N,60.150,-,,,4.11,N,868874372.0,804671904.0,Y,16.98,10887.56,6.66%,00,buy,buy,buy,,100.65,-0.65%,5.967,2.73%,2.20%,100.000,100.000,0.00%,0.00,Y,0,0,,-,,N,-,buy,-,27-12-28,99.35,21.93,11.81,4.4%,4.1%,"转债占流动市值比：4.4%
转债占总市值比：4.1%",0.00,603055,sh113638,有效期：-；质押代码：113638,未到转股期；2022-07-05 开始转股,待上市
113026,核能转债,sh601985,中国核电,C,5.73,2021-07-16,2019-10-21,2025-04-14,2023-04-17,,,100.000,y,54.35,30,30,0,0.85,2022-01-11,2022-01-11,7.61,105.000,n,130.000,15,30,14,,X,78.000,75.551,AAA,AAA,无担保,,,,shmb,,,113026,113026,0.5010,764985,783985,,N,N,79.230,buy,R,,1.73,N,17522710852.0,17074949659.0,Y,7.38,98587.71,-0.67%,00,buy,buy,buy,14:59:56,128.80,-0.03%,3.260,-5.00%,-5.49%,128.760,128.760,-0.62%,74336.79,Y,0,0,,-,,N,-,buy,-,25-04-14,128.73,7.45,4.01,6.0%,5.8%,"转债占流动市值比：6.0%
转债占总市值比：5.8%",0.00,601985,sh113026,有效期：2022-01-11 到 2022-01-11；质押代码：113026,113026；2019-10-21 开始转股,全价：128.760 最后更新：14:59:56
128085,鸿达转债,sz002002,鸿达兴业,C,3.91,2021-06-22,2020-06-22,2025-12-16,2023-12-18,,,100.000,y,44.65,30,30,0,0.00,,,32.51,118.000,n,130.000,15,30,0,,N,24.270,3.405,B,B,无担保,,,,szmb,2021年12月11日公告：本次不提前赎回鸿达转债，至2022年12月8日前均不提前赎回,,128085,128085,0.9374,082002,072002,,N,N,26.280,buy,R,,1.83,N,3120485457.0,3116603421.0,Y,6.13,71203.86,-2.39%,00,buy,buy,buy,15:14:03,156.78,0.38%,3.934,-6.03%,-6.95%,157.370,157.370,-2.00%,17428.91,Y,0,0,G,-,,N,-,buy,-,25-12-16,157.75,5.08,2.74,1.8%,1.8%,"转债占流动市值比：1.8%
转债占总市值比：1.8%",0.00,002002,sz128085,有效期：-；质押代码：128085,128085；2020-06-22 开始转股,全价：157.370 最后更新：15:14:03
123073,同和转债,sz300636,同和药业,C,14.82,2021-05-18,2021-05-06,2026-10-25,2024-10-26,,,100.000,y,42.55,30,30,0,0.00,,,24.99,116.000,n,130.000,20,30,18,,X,3.600,3.583,A+,A+,无担保,,,,szcy,,,123073,123073,2.7989,380636,370636,,N,N,70.695,buy,,,5.75,N,205906321.0,169027590.0,Y,24.38,7416.88,3.09%,00,buy,buy,buy,15:14:03,164.51,0.82%,4.792,-6.34%,-7.04%,165.856,165.856,-0.10%,14971.69,Y,1,1,,-,,N,-,buy,-,26-10-25,166.68,19.27,10.37,8.7%,7.1%,"转债占流动市值比：8.7%
转债占总市值比：7.1%",0.00,300636,sz123073,有效期：-；质押代码：123073,123073；2021-05-06 开始转股,全价：165.856 最后更新：15:14:03
128106,华统转债,sz002840,华统股份,C,9.37,2021-06-30,2020-10-16,2026-04-09,2024-04-09,,,100.000,y,36.91,30,30,0,0.00,,,119.28,108.000,n,130.000,15,30,0,,N,5.500,4.360,AA,AA,连带责任保证,,,,szmb,2021年12月25日公告：本次（2021年12月6日至2021年12月24日）不提前赎回，至2022年6月26日均不提前赎回,,128106,128106,1.9826,082840,072840,,N,N,67.140,buy,,,4.66,N,456240764.0,444778364.0,Y,17.77,44211.62,-1.66%,00,buy,buy,buy,15:14:03,189.65,0.89%,4.247,-11.89%,-12.33%,191.345,191.345,-3.13%,102277.69,Y,0,0,G,-,,N,-,buy,-,26-04-09,192.23,12.18,6.56,5.5%,5.4%,"转债占流动市值比：5.5%
转债占总市值比：5.4%",0.00,002840,sz128106,有效期：-；质押代码：128106,128106；2020-10-16 开始转股,全价：191.345 最后更新：15:14:03
128013,洪涛转债,sz002325,洪涛股份,C,2.31,2021-12-13,2017-02-06,2022-07-29,2020-07-29,,,100.000,y,56.54,30,30,0,0.00,,,4.21,108.000,n,130.000,15,30,0,,X,12.000,10.608,A-,A-,无担保,,,,szmb,,,128013,128013,0.9980,082325,072325,10,N,N,,buy,R,,1.30,N,1325359461.0,1003074122.0,Y,2.86,3170.40,1.42%,00,buy,buy,buy,15:14:03,123.81,1.21%,0.548,-25.21%,-27.54%,125.310,125.310,0.73%,5566.42,Y,3,3,,-,,N,-,buy,-,22-07-29,126.52,3.00,1.62,37.0%,28.0%,"转债占流动市值比：37.0%
转债占总市值比：28.0%",0.00,002325,sz128013,有效期：-；质押代码：128013,128013；2017-02-06 开始转股,全价：125.310 最后更新：15:14:03
113591,胜达转债,sh603687,大胜达,C,8.76,2021-06-11,2021-01-08,2026-06-30,2024-07-01,,,100.000,y,51.83,30,30,0,0.00,,,14.65,116.000,n,130.000,15,30,5,,X,5.500,5.185,AA-,AA-,股票质押担保,,,,shmb,,,113591,113591,1.3300,753687,754687,,N,N,69.650,buy,,,2.68,N,414413879.0,145371179.0,Y,11.83,5256.15,-2.23%,00,buy,buy,buy,14:59:58,135.05,2.07%,4.471,-2.80%,-3.59%,137.840,137.840,-1.92%,10585.39,Y,2,2,,-,,N,-,buy,-,26-06-30,139.91,11.39,6.13,30.1%,10.6%,"转债占流动市值比：30.1%
转债占总市值比：10.6%",0.00,603687,sh113591,有效期：-；质押代码：113591,113591；2021-01-08 开始转股,全价：137.840 最后更新：14:59:58
128094,星帅转债,sz002860,星帅尔,C,13.80,2021-06-08,2020-07-22,2026-01-16,2024-01-16,,,100.000,y,40.27,30,30,0,0.00,,,21.38,115.000,n,130.000,15,30,5,,X,2.800,2.089,A+,A+,股份质押和保证,,,,szmb,,,128094,128094,2.3897,082860,072860,,N,N,75.030,buy,,,4.07,N,204206647.0,147145649.0,Y,23.99,5911.78,0.80%,00,buy,buy,buy,15:14:03,173.84,2.08%,4.019,-9.29%,-10.06%,177.460,177.460,-0.35%,7938.51,Y,0,0,,-,,N,-,buy,-,26-01-16,179.54,17.94,9.66,5.9%,4.3%,"转债占流动市值比：5.9%
转债占总市值比：4.3%",0.00,002860,sz128094,有效期：-；质押代码：128094,128094；2020-07-22 开始转股,全价：177.460 最后更新：15:14:03
123111,东财转3,sz300059,东方财富,C,23.35,2021-05-27,2021-10-13,2027-04-06,2025-04-07,,,100.000,y,48.75,30,30,0,0.00,,,3.72,107.000,n,130.000,15,30,5,,X,158.000,150.857,AA+,AA+,无,,,,szcy,,,123111,123111,1.8344,380059,370059,,N,N,71.340,buy,R,,8.47,N,10366327855.0,8592810347.0,Y,33.53,365858.66,-0.65%,00,buy,buy,buy,15:14:03,143.60,3.17%,5.238,-5.50%,-5.84%,148.153,148.153,0.10%,83097.65,Y,0,0,,-,,N,-,buy,-,27-04-06,151.32,30.36,16.34,5.2%,4.3%,"转债占流动市值比：5.2%
转债占总市值比：4.3%",0.00,300059,sz123111,有效期：-；质押代码：123111,123111；2021-10-13 开始转股,全价：148.153 最后更新：15:14:03
128046,利尔转债,sz002258,利尔化学,C,18.42,2021-04-13,2019-04-23,2024-10-17,2022-10-17,,,100.000,y,39.78,30,30,0,0.00,,,7.03,108.000,n,130.000,20,30,5,,X,8.520,8.076,AA,AA,无担保,,,,szmb,,,128046,128046,1.6247,082258,072258,,N,N,43.380,buy,R,,3.78,N,526773275.0,524181885.0,Y,32.41,38093.34,-1.10%,00,buy,buy,buy,15:14:03,175.95,3.38%,2.770,-16.45%,-17.04%,181.900,181.900,-2.73%,10334.95,Y,0,0,,-,,N,-,buy,-,24-10-17,185.28,23.95,12.89,4.8%,4.7%,"转债占流动市值比：4.8%
转债占总市值比：4.7%",0.00,002258,sz128046,有效期：-；质押代码：128046,128046；2019-04-23 开始转股,全价：181.900 最后更新：15:14:03
113053,隆22转债,sh601012,隆基股份,C,82.65,,2022-07-11,2028-01-04,2026-01-05,,,100.000,y,72.59,30,30,0,0.00,,,,107.000,n,130.000,15,30,0,,X,70.000,70.000,AAA,AAA,无,,,,shmb,,,未到转股期,113053,1.2930,764012,783012,,N,N,62.100,-,R,,9.38,N,5412952708.0,5412832854.0,Y,79.70,323693.21,-0.71%,00,buy,buy,buy,,96.43,3.70%,5.986,1.81%,1.46%,100.000,100.000,0.00%,0.00,Y,0,0,,-,,N,-,buy,-,28-01-04,103.70,107.44,57.85,1.6%,1.6%,"转债占流动市值比：1.6%
转债占总市值比：1.6%",0.00,601012,sh113053,有效期：-；质押代码：113053,未到转股期；2022-07-11 开始转股,待上市
110084,贵燃转债,sh600903,贵州燃气,C,10.17,,2022-07-01,2027-12-27,2025-12-29,,,100.000,y,72.64,30,30,0,0.00,,,,110.000,n,130.000,15,30,0,,X,10.000,10.000,AA,AA,无,,,,shmb,,,未到转股期,110084,0.8780,704903,733903,,N,N,49.410,-,R,,3.95,N,1138185027.0,1138185027.0,Y,9.80,4430.18,0.00%,00,buy,buy,buy,,96.36,3.78%,5.964,2.43%,1.96%,100.000,100.000,0.00%,0.00,Y,0,0,,-,,N,-,buy,-,27-12-27,103.78,13.22,7.12,9.0%,9.0%,"转债占流动市值比：9.0%
转债占总市值比：9.0%",0.00,600903,sh110084,有效期：-；质押代码：110084,未到转股期；2022-07-01 开始转股,待上市
128128,齐翔转2,sz002408,齐翔腾达,C,5.69,2021-09-29,2021-02-26,2026-08-19,2024-08-19,,,100.000,y,35.82,30,30,0,0.00,,,10.08,110.000,n,130.000,15,30,5,,X,29.900,6.806,AA,AA,无担保,,,,szmb,,,128128,128128,1.7102,082408,072408,,N,N,76.460,buy,R,,2.54,N,2842637146.0,2771179688.0,Y,11.12,56335.30,3.15%,00,buy,buy,buy,15:14:03,195.43,3.82%,4.608,-11.78%,-12.26%,202.900,202.900,1.55%,13901.66,Y,0,0,,-,,N,-,buy,-,26-08-19,206.72,7.40,3.98,2.2%,2.2%,"转债占流动市值比：2.2%
转债占总市值比：2.2%",0.00,002408,sz128128,有效期：-；质押代码：128128,128128；2021-02-26 开始转股,全价：202.900 最后更新：15:14:03
128103,同德转债,sz002360,同德化工,C,5.08,2021-05-25,2020-10-09,2026-03-25,2024-03-25,,,100.000,y,38.44,30,30,0,0.00,,,39.03,115.000,n,130.000,15,30,5,,X,1.440,0.884,A+,A+,土地、固定资产等抵押方式,,,,szmb,,,128103,128103,0.3859,082360,072360,,N,N,31.100,buy,,,2.75,N,402376378.0,312278270.0,Y,9.25,3065.00,0.76%,00,buy,buy,buy,15:14:03,182.09,3.98%,4.205,-10.26%,-10.99%,189.340,189.340,-0.53%,6497.20,Y,0,0,,-,,N,-,buy,-,26-03-25,193.32,6.60,3.56,3.1%,2.4%,"转债占流动市值比：3.1%
转债占总市值比：2.4%",0.00,002360,sz128103,有效期：-；质押代码：128103,128103；2020-10-09 开始转股,全价：189.340 最后更新：15:14:03
118004,博瑞转债,sh688166,博瑞医药,C,35.68,,2022-07-11,2028-01-03,2026-01-05,,,100.000,y,72.84,30,30,0,0.00,,,,115.000,n,130.000,15,30,0,,X,4.650,4.650,AA-,AA-,无,,,,shkc,,,未到转股期,118004,1.1340,726166,718166,,N,N,55.740,-,R,,8.88,N,410000000.0,210912771.0,Y,34.29,4964.27,2.57%,00,buy,buy,buy,,96.10,4.05%,5.984,3.30%,2.67%,100.000,100.000,0.00%,0.00,Y,0,0,,-,,N,-,buy,-,28-01-03,104.05,46.38,24.98,6.4%,3.3%,"转债占流动市值比：6.4%
转债占总市值比：3.3%",0.00,688166,sh118004,有效期：-；质押代码：118004,未到转股期；2022-07-11 开始转股,待上市
123012,万顺转债,sz300057,万顺新材,C,5.27,2021-05-17,2019-01-26,2024-07-20,2022-07-20,,,100.000,y,41.73,30,30,0,0.00,,,42.89,106.000,n,130.000,15,30,5,,X,9.500,1.225,AA-,AA-,无担保,,,,szcy,,,123012,123012,2.1607,380057,370057,,N,N,2.190,buy,,,1.68,N,683644894.0,507430086.0,Y,8.84,16808.50,-3.28%,00,buy,buy,buy,15:14:03,167.74,4.09%,2.526,-17.16%,-17.68%,174.600,174.600,-4.49%,9246.03,Y,0,0,,-,,N,-,buy,-,24-07-20,178.69,6.85,3.69,2.7%,2.0%,"转债占流动市值比：2.7%
转债占总市值比：2.0%",0.00,300057,sz123012,有效期：-；质押代码：123012,123012；2019-01-26 开始转股,全价：174.600 最后更新：15:14:03
113541,荣晟转债,sh603165,荣晟环保,C,10.84,2021-05-17,2020-02-03,2025-07-22,2023-07-24,,,100.000,y,44.12,30,30,0,0.00,,,22.82,110.000,n,130.000,15,30,0,,N,3.300,1.628,AA-,AA-,股份质押和保证,,,,shmb,2021年11月22日公告：本次（2021年10月12日至2021年11月22日）不行使提前赎回权利，至2022年5月22日均不提前赎回,,113541,113541,1.8600,753165,754165,,N,N,24.502,buy,,,2.57,N,263201890.0,263201890.0,Y,17.20,3970.17,-1.71%,00,buy,buy,buy,14:59:55,158.67,4.20%,3.532,-10.09%,-10.71%,165.330,165.330,-2.90%,6205.01,Y,1,1,G,-,,N,-,buy,-,25-07-22,169.53,14.09,7.59,3.6%,3.6%,"转债占流动市值比：3.6%
转债占总市值比：3.6%",0.00,603165,sh113541,有效期：-；质押代码：113541,113541；2020-02-03 开始转股,全价：165.330 最后更新：14:59:55
123083,朗新转债,sz300682,朗新科技,C,15.39,2021-12-23,2021-06-15,2026-12-08,2024-12-09,,,100.000,y,30.13,30,30,0,0.00,,,19.25,110.000,n,130.000,15,30,10,,X,8.000,6.010,AA,AA,无担保,,,,szcy,,,123083,123083,0.7833,380682,370682,,N,N,77.260,buy,,,6.74,N,1045521166.0,737572050.0,Y,35.76,25088.52,3.44%,00,buy,buy,buy,15:14:03,232.36,4.45%,4.912,-14.33%,-14.75%,242.700,242.700,3.12%,27206.30,Y,0,0,,-,,N,-,buy,-,26-12-08,247.15,20.01,10.77,2.3%,1.6%,"转债占流动市值比：2.3%
转债占总市值比：1.6%",0.00,300682,sz123083,有效期：-；质押代码：123083,123083；2021-06-15 开始转股,全价：242.700 最后更新：15:14:03
123092,天壕转债,sz300332,天壕环境,C,5.19,2021-07-12,2021-06-30,2026-12-23,2024-12-23,,,100.000,y,36.37,30,30,0,0.00,,,10.56,115.000,n,130.000,15,30,5,,X,4.230,4.167,A+,A+,无,,,,szcy,,,123092,123092,0.4805,380332,370332,,N,N,55.430,buy,,,2.53,N,881408921.0,841982571.0,Y,9.99,13898.12,-0.30%,00,buy,buy,buy,15:14:03,192.49,4.53%,4.953,-9.91%,-10.54%,201.200,201.200,-1.18%,8816.88,Y,0,0,,-,,N,-,buy,-,26-12-23,205.73,6.75,3.63,5.0%,4.7%,"转债占流动市值比：5.0%
转债占总市值比：4.7%",0.00,300332,sz123092,有效期：-；质押代码：123092,123092；2021-06-30 开始转股,全价：201.200 最后更新：15:14:03
132018,G三峡EB1,sh600900,长江电力,E,16.74,2021-07-16,2020-04-13,2024-04-09,2023-04-10,,,100.000,y,52.31,30,30,0,0.90,2022-01-11,2022-01-11,0.48,108.000,y,120.000,15,30,20,,X,200.000,160.503,AAA,AAA,长江电力A股股票及其孳息,,,,shmb,,,132018,132018,,,759001,,N,N,100.000,buy,R,,2.90,N,22741859230.0,22741859230.0,Y,22.40,72980.99,1.08%,00,buy,buy,buy,14:59:58,133.81,4.57%,2.247,-10.39%,-11.08%,139.550,139.929,1.26%,10589.98,Y,0,0,B,-,,N,-,buy,-,24-04-09,144.12,20.09,11.72,3.2%,3.2%,"转债占流动市值比：3.2%
转债占总市值比：3.2%",0.00,600900,sh132018,有效期：2022-01-11 到 2022-01-11；质押代码：132018,132018；2020-04-13 开始转股,全价：139.929 最后更新：14:59:58
123085,万顺转2,sz300057,万顺新材,C,6.20,2021-05-17,2021-06-17,2026-12-10,2024-12-10,,,100.000,y,49.10,30,30,0,0.00,,,7.93,108.000,n,130.000,15,30,5,,X,9.000,8.512,AA-,AA-,无担保,,,,szcy,,,123085,123085,1.3341,380057,370057,,N,N,66.940,buy,,,1.68,N,683644894.0,507430086.0,Y,8.84,16808.50,-3.28%,00,buy,buy,buy,15:14:03,142.58,4.75%,4.918,-5.62%,-6.05%,149.350,149.350,-3.64%,10110.80,Y,0,0,,-,,N,-,buy,-,26-12-10,154.10,8.06,4.34,19.0%,14.1%,"转债占流动市值比：19.0%
转债占总市值比：14.1%",0.00,300057,sz123085,有效期：-；质押代码：123085,123085；2021-06-17 开始转股,全价：149.350 最后更新：15:14:03
113585,寿仙转债,sh603896,寿仙谷,C,28.38,2021-06-30,2020-12-15,2026-06-08,2024-06-10,,,100.000,y,34.34,30,30,0,0.00,,,70.84,112.000,n,130.000,15,30,0,,N,3.600,1.008,AA-,AA-,连带责任保证,,,,shmb,2021年9月1日公告：本次（2021年8月11日至2021年8月31日）不行使提前赎回权利，至2022年2月28日均不提前赎回,,113585,113585,2.5080,753896,754896,,N,N,82.309,buy,,,5.87,N,152498417.0,152498417.0,Y,57.85,16897.67,-0.26%,00,buy,buy,buy,15:00:00,203.84,5.21%,4.411,-13.01%,-13.56%,214.460,214.460,-0.34%,15404.07,Y,0,0,G,-,,N,-,buy,-,26-06-08,219.67,36.89,19.87,1.1%,1.1%,"转债占流动市值比：1.1%
转债占总市值比：1.1%",0.00,603896,sh113585,有效期：-；质押代码：113585,113585；2020-12-15 开始转股,全价：214.460 最后更新：15:00:00
127040,国泰转债,sz002091,江苏国泰,C,9.02,,2022-01-13,2027-07-06,2025-07-07,,,100.000,y,45.99,30,30,0,0.00,,,2.08,108.000,n,130.000,15,30,0,,X,45.574,45.574,AA+,AA+,无,,,,szmb,,,未到转股期,127040,2.9100,082091,072091,,N,N,65.940,buy,R,,2.19,N,1563536598.0,1513016522.0,Y,13.73,27638.01,-0.94%,00,buy,buy,buy,15:14:03,152.22,5.23%,5.488,-6.32%,-6.69%,160.180,160.180,-1.18%,15213.50,Y,0,0,,-,,N,-,buy,-,27-07-06,165.41,11.73,6.31,21.9%,21.2%,"转债占流动市值比：21.9%
转债占总市值比：21.2%",0.00,002091,sz127040,有效期：-；质押代码：127040,未到转股期；2022-01-13 开始转股,全价：160.180 最后更新：15:14:03
128091,新天转债,sz002873,新天药业,C,11.62,2021-11-10,2020-07-06,2025-12-30,2024-01-01,,,100.000,y,33.34,30,30,0,0.00,,,724.45,113.000,n,130.000,15,30,13,,X,1.770,1.758,A+,A+,房产抵押和股份质押,,,,szmb,,,128091,128091,1.5410,082873,072873,,N,N,46.250,buy,,,4.48,N,164048027.0,155115979.0,Y,24.40,61329.30,10.01%,00,buy,buy,buy,15:14:03,209.98,5.25%,3.973,-14.75%,-15.40%,221.000,221.000,12.13%,271369.58,Y,0,0,,-,,N,-,buy,-,25-12-30,226.25,15.11,8.13,4.6%,4.4%,"转债占流动市值比：4.6%
转债占总市值比：4.4%",0.00,002873,sz128091,有效期：-；质押代码：128091,128091；2020-07-06 开始转股,全价：221.000 最后更新：15:14:03
128093,百川转债,sz002455,百川股份,C,5.77,2021-05-27,2020-07-09,2026-01-03,2024-01-03,,,100.000,y,30.03,30,30,0,0.00,,,49.04,120.000,n,130.000,20,30,5,,X,5.200,1.614,AA-,AA-,自有资产抵押担保,,,,szmb,,,128093,128093,1.0314,082455,072455,,N,N,19.690,buy,,,4.22,N,565949304.0,450664327.0,Y,13.45,20429.25,-1.97%,00,buy,buy,buy,15:14:03,233.10,5.78%,3.984,-15.40%,-16.33%,246.566,246.566,-4.06%,19740.95,Y,0,0,,-,,N,-,buy,-,26-01-03,252.35,7.50,4.04,2.7%,2.1%,"转债占流动市值比：2.7%
转债占总市值比：2.1%",0.00,002455,sz128093,有效期：-；质押代码：128093,128093；2020-07-09 开始转股,全价：246.566 最后更新：15:14:03
128081,海亮转债,sz002203,海亮股份,C,9.69,2021-06-23,2020-05-27,2025-11-21,2023-11-21,,,100.000,y,55.97,30,30,0,0.00,,,1.35,110.000,n,130.000,15,30,6,,X,31.500,30.055,AA,AA,无担保,,,,szmb,,,128081,128081,1.6136,082203,072203,,N,N,64.450,buy,R,,2.24,N,1966736307.0,1923941740.0,Y,12.12,9324.29,0.00%,00,buy,buy,buy,15:14:03,125.08,5.85%,3.866,-3.79%,-4.42%,132.400,132.400,0.00%,5407.24,Y,0,0,,-,,N,-,buy,-,25-11-21,138.25,12.60,6.78,12.9%,12.6%,"转债占流动市值比：12.9%
转债占总市值比：12.6%",0.00,002203,sz128081,有效期：-；质押代码：128081,128081；2020-05-27 开始转股,全价：132.400 最后更新：15:14:03
113534,鼎胜转债,sh603876,鼎胜新材,C,15.18,2020-07-24,2019-10-16,2025-04-08,2023-04-10,,,100.000,y,29.83,30,30,0,0.00,,,11.47,110.000,n,130.000,15,30,0,,N,12.540,4.039,AA-,AA-,无担保,,,,shmb,2021年10月29日公告：本次（2021年10月8日至2021年10月28日）不提前赎回，至2022年1月28日均不提前赎回,,113534,113534,2.9160,753876,754876,,N,N,46.940,buy,,,3.65,N,485976369.0,485976369.0,Y,35.62,17650.64,-1.95%,00,buy,buy,buy,14:59:58,234.65,5.94%,3.244,-21.62%,-22.18%,248.600,248.600,-2.46%,11649.14,Y,1,1,G,-,,N,-,buy,-,25-04-08,254.54,19.73,10.63,2.3%,2.3%,"转债占流动市值比：2.3%
转债占总市值比：2.3%",0.00,603876,sh113534,有效期：-；质押代码：113534,113534；2019-10-16 开始转股,全价：248.600 最后更新：14:59:58
113537,文灿转债,sh603348,文灿股份,C,19.28,2021-06-18,2019-12-16,2025-06-09,2023-06-12,,,100.000,y,24.34,30,30,0,0.00,,,80.17,115.000,n,130.000,15,30,0,,N,8.000,1.406,AA-,AA-,无担保,,,,shmb,2021年10月27日公告：本次不行使文灿转债的提前赎回权利，至2022年4月27日前均不提前赎回,,113537,113537,3.6360,753348,754348,,N,N,18.080,buy,,,5.46,N,262171258.0,257431258.0,Y,55.45,14988.82,-0.91%,00,buy,buy,buy,14:59:59,287.60,6.07%,3.414,-24.18%,-24.89%,305.070,305.070,-0.81%,34657.75,Y,0,0,G,-,,N,-,buy,-,25-06-09,311.14,25.06,13.50,1.0%,1.0%,"转债占流动市值比：1.0%
转债占总市值比：1.0%",0.00,603348,sh113537,有效期：-；质押代码：113537,113537；2019-12-16 开始转股,全价：305.070 最后更新：14:59:59
123078,飞凯转债,sz300398,飞凯材料,C,15.56,2021-05-31,2021-06-03,2026-11-26,2024-11-26,,,100.000,y,36.02,30,30,0,0.00,,,268.93,110.000,n,120.000,15,30,5,,X,8.250,8.146,AA,AA,无担保,,,,szcy,,,123078,123078,1.5992,380398,370398,,N,N,35.740,buy,R,,5.05,N,516098134.0,509839254.0,Y,30.24,196587.32,20.00%,00,buy,buy,buy,15:14:03,194.34,6.29%,4.879,-11.50%,-11.95%,206.574,206.574,16.97%,435605.30,Y,1,1,,-,,N,-,buy,-,26-11-26,212.86,18.67,10.89,5.3%,5.2%,"转债占流动市值比：5.3%
转债占总市值比：5.2%",0.00,300398,sz123078,有效期：-；质押代码：123078,123078；2021-06-03 开始转股,全价：206.574 最后更新：15:14:03
128050,钧达转债,sz002865,钧达股份,C,14.81,2021-11-26,2019-06-14,2024-12-10,2022-12-10,,,100.000,y,17.64,30,30,0,0.00,,,670.21,118.000,n,130.000,15,30,30,2022-01-27,Y,3.200,0.585,AA-,AA-,中汽塑料,,,,szmb,"最后交易日：2022年1月27日
最后转股日：2022年1月27日
赎回价：100.21元/张",100.210,128050,128050,2.6298,082865,072865,,N,N,17.350,buy,,,7.72,N,137291465.0,133915115.0,Y,58.77,13007.12,9.99%,00,buy,buy,buy,15:14:03,396.83,6.60%,2.918,-35.08%,-35.83%,423.020,423.020,19.16%,159151.07,Y,1,1,R,-,,N,-,buy,-,24-12-10,429.62,19.25,10.37,0.7%,0.7%,"转债占流动市值比：0.7%
转债占总市值比：0.7%",0.00,002865,sz128050,有效期：-；质押代码：128050,128050；2019-06-14 开始转股,全价：423.020 最后更新：15:14:03
128082,华锋转债,sz002806,华锋股份,C,9.13,2021-03-23,2020-06-10,2025-12-03,2023-12-04,,,100.000,y,45.58,30,30,0,0.00,,,20.23,115.000,n,130.000,15,30,5,,X,3.520,2.036,A,A,土地、房产、机器设备等资产抵 押和股份质押担保,,,,szmb,,,128082,128082,1.9995,082806,072806,,N,N,5.530,buy,,,2.29,N,191703355.0,139230770.0,Y,14.02,5778.15,0.72%,00,buy,buy,buy,15:14:03,153.56,6.86%,3.899,-7.75%,-8.55%,164.100,164.100,-0.05%,6764.71,Y,2,2,,-,,N,-,buy,-,25-12-03,170.96,11.87,6.39,10.4%,7.6%,"转债占流动市值比：10.4%
转债占总市值比：7.6%",0.00,002806,sz128082,有效期：-；质押代码：128082,128082；2020-06-10 开始转股,全价：164.100 最后更新：15:14:03
128130,景兴转债,sz002067,景兴纸业,C,3.40,,2021-03-04,2026-08-30,2024-08-30,,,100.000,y,65.54,30,30,0,0.00,,,3.98,110.000,n,130.000,15,30,0,,X,12.800,9.987,AA,AA,无担保,,,,szmb,,,128130,128130,1.1519,082067,072067,,N,N,53.140,buy,R,,0.93,N,1193928835.0,1056303835.0,Y,4.15,12794.88,1.72%,00,buy,buy,buy,15:14:03,122.06,7.49%,4.638,-2.89%,-3.43%,131.200,131.200,0.77%,5196.61,Y,0,0,,-,,N,-,buy,-,26-08-30,138.69,4.42,2.72,22.8%,20.2%,"转债占流动市值比：22.8%
转债占总市值比：20.2%",0.00,002067,sz128130,有效期：-；质押代码：128130,128130；2021-03-04 开始转股,全价：131.200 最后更新：15:14:03
113525,台华转债,sh603055,台华新材,C,7.78,2021-05-28,2019-06-21,2024-12-16,2022-12-17,,,100.000,y,32.07,30,30,0,0.00,,,36.75,110.000,n,130.000,15,30,0,,N,5.330,1.854,AA,AA,无担保,,,,shmb,2021年12月28日公告：本次（2021年12月7日至2021年12月27日）不提前赎回，至2022年3月27日均不提前赎回,,113525,113525,0.9730,753055,754055,,N,N,29.060,buy,,,4.11,N,868874372.0,804671904.0,Y,16.98,10887.56,6.66%,00,buy,buy,buy,15:00:00,218.25,7.69%,2.934,-22.25%,-22.84%,235.030,235.030,1.65%,15877.42,Y,0,0,G,-,,N,-,buy,-,24-12-16,242.72,10.11,5.45,1.4%,1.3%,"转债占流动市值比：1.4%
转债占总市值比：1.3%",0.00,603055,sh113525,有效期：-；质押代码：113525,113525；2019-06-21 开始转股,全价：235.030 最后更新：15:00:00
123089,九洲转2,sz300040,九洲集团,C,5.68,2021-07-14,2021-06-25,2026-12-20,2024-12-20,,,100.000,y,44.93,30,30,0,0.00,,,10.56,115.000,n,130.000,15,30,0,,N,5.000,3.063,AA-,AA-,无担保,,,,szcy,2021年10月26日公告：本次（截至2021年10月26日）不行使九洲转2的提前赎回权利，至2022年1月29日均不提前赎回,,123089,123089,1.3144,380040,370040,,N,N,61.460,buy,,,1.97,N,587645532.0,455302906.0,Y,8.85,8180.49,0.23%,00,buy,buy,buy,15:14:03,155.81,7.69%,4.945,-6.57%,-7.21%,167.790,167.790,-0.38%,5412.94,Y,0,0,G,-,,N,-,buy,-,26-12-20,175.48,7.38,3.98,7.6%,5.9%,"转债占流动市值比：7.6%
转债占总市值比：5.9%",0.00,300040,sz123089,有效期：-；质押代码：123089,123089；2021-06-25 开始转股,全价：167.790 最后更新：15:14:03
123052,飞鹿转债,sz300665,飞鹿股份,C,7.05,2021-06-03,2020-12-11,2026-06-04,2024-06-04,,,100.000,y,50.10,30,30,0,0.00,,,17.48,120.000,n,130.000,15,30,0,,N,1.770,1.504,A+,A+,无担保,,,,szcy,2021年8月24日公告：本次（2021年8月4日至2021年8月24日）不提前赎回，至2022年2月24日均不提前赎回,,123052,123052,1.4612,380665,370665,,N,N,75.366,buy,,,3.13,N,173398120.0,132959648.0,Y,9.85,4077.37,1.76%,00,buy,buy,buy,15:14:03,139.72,8.08%,4.400,-3.99%,-4.93%,151.000,151.000,1.62%,3953.23,Y,0,0,G,-,,N,-,buy,-,26-06-04,159.08,9.16,4.93,11.5%,8.8%,"转债占流动市值比：11.5%
转债占总市值比：8.8%",0.00,300665,sz123052,有效期：-；质押代码：123052,123052；2020-12-11 开始转股,全价：151.000 最后更新：15:14:03
123067,斯莱转债,sz300382,斯莱克,C,9.36,2021-06-30,2021-03-23,2026-09-16,2024-09-16,,,100.000,y,29.57,30,30,0,0.00,,,30.17,115.000,n,130.000,15,30,0,,N,3.880,2.400,AA-,AA-,无担保,,,,szcy,2021年11月15日公告：本次不行使提前赎回权利，至2022年2月23日均不提前赎回,,123067,123067,0.6940,380382,370382,,N,N,19.960,buy,,,10.80,N,580381337.0,580323512.0,Y,22.16,24300.89,4.68%,00,buy,buy,buy,15:14:03,236.75,8.18%,4.685,-15.06%,-15.66%,256.113,256.113,2.44%,18318.13,Y,0,0,G,-,,N,-,buy,-,26-09-16,264.29,12.17,6.55,1.9%,1.9%,"转债占流动市值比：1.9%
转债占总市值比：1.9%",0.00,300382,sz123067,有效期：-；质押代码：123067,123067；2021-03-23 开始转股,全价：256.113 最后更新：15:14:03
123031,晶瑞转债,sz300655,晶瑞电材,C,10.13,2021-05-07,2020-03-05,2025-08-28,2023-08-28,,,100.000,y,17.49,30,30,0,0.00,,,58.85,111.000,n,130.000,15,30,9,,X,1.850,0.531,A+,A+,无担保,,,,szcy,,,123031,123031,1.2217,380655,370655,,N,N,8.110,buy,,,8.86,N,340638672.0,289328234.0,Y,40.55,30253.89,-1.41%,00,buy,buy,buy,15:14:03,400.30,8.26%,3.633,-30.88%,-31.33%,433.360,433.360,-0.95%,13522.37,Y,0,0,,-,,N,-,buy,-,25-08-28,441.62,13.17,7.09,0.5%,0.4%,"转债占流动市值比：0.5%
转债占总市值比：0.4%",0.00,300655,sz123031,有效期：-；质押代码：123031,123031；2020-03-05 开始转股,全价：433.360 最后更新：15:14:03
123086,海兰转债,sz300065,海兰信,C,7.27,2021-07-15,2021-06-17,2026-12-10,2024-12-10,,,100.000,y,35.59,30,30,0,0.00,,,27.94,118.000,n,130.000,15,30,5,,X,7.300,4.817,AA-,AA-,无担保,,,,szcy,,,123086,123086,1.8358,380065,370065,,N,N,59.780,buy,R,,5.14,N,629832887.0,539962284.0,Y,14.30,36934.33,-1.38%,00,buy,buy,buy,15:14:03,196.70,8.30%,4.918,-10.70%,-11.38%,213.030,213.030,-2.01%,28942.10,Y,1,1,,-,,N,-,buy,-,26-12-10,221.33,9.45,5.09,6.2%,5.3%,"转债占流动市值比：6.2%
转债占总市值比：5.3%",0.00,300065,sz123086,有效期：-；质押代码：123086,123086；2021-06-17 开始转股,全价：213.030 最后更新：15:14:03
128113,比音转债,sz002832,比音勒芬,C,14.60,2021-07-07,2020-12-21,2026-06-14,2024-06-14,,,100.000,y,39.75,30,30,0,0.00,,,20.86,112.000,n,130.000,15,30,5,,X,6.890,2.979,AA,AA,无担保,,,,szmb,,,128113,128113,1.3147,082832,072832,,N,N,85.110,buy,,,4.73,N,550326712.0,369037012.0,Y,25.71,11405.93,1.78%,00,buy,buy,buy,15:14:03,176.10,8.52%,4.427,-10.68%,-11.25%,191.100,191.100,2.62%,11968.73,Y,0,0,,-,,N,-,buy,-,26-06-14,199.62,18.98,10.22,3.1%,2.1%,"转债占流动市值比：3.1%
转债占总市值比：2.1%",0.00,002832,sz128113,有效期：-；质押代码：128113,128113；2020-12-21 开始转股,全价：191.100 最后更新：15:14:03
127003,海印转债,sz000861,海印股份,C,2.99,2021-07-21,2016-12-16,2022-06-08,2020-06-08,,,100.000,y,61.92,30,30,0,0.37,2022-01-11,2022-01-11,7.23,110.000,n,130.000,15,30,0,,X,11.110,6.736,AA,AA,广州海印实业集团有限公司责任人担保,,,,szmb,,,127003,127003,0.4938,080861,070861,4,N,N,,buy,R,,2.07,N,2325574211.0,2184526848.0,Y,3.38,23127.61,4.64%,00,buy,buy,buy,15:14:03,113.04,8.71%,0.408,-25.71%,-29.70%,122.890,122.890,1.83%,5953.59,Y,2,2,,-,,N,-,buy,-,22-06-08,131.60,3.89,2.09,9.1%,8.6%,"转债占流动市值比：9.1%
转债占总市值比：8.6%",0.00,000861,sz127003,有效期：2022-01-11 到 2022-01-11；质押代码：127003,127003；2016-12-16 开始转股,全价：122.890 最后更新：15:14:03
123103,震安转债,sz300767,震安科技,C,56.89,2021-06-11,2021-09-22,2027-03-11,2025-03-11,,,100.000,y,40.80,30,30,0,0.00,,,15.20,115.000,n,130.000,15,30,0,,N,2.850,2.525,A+,A+,无,,,,szcy,2021年10月21日公告：本次（2021年9月22日至2021年10月19日）不行使提前赎回权利，至2022年4月20日均不提前赎回,,123103,123103,1.9791,380767,370767,,N,N,53.950,buy,,,15.63,N,202170726.0,118282633.0,Y,97.61,10702.71,3.46%,00,buy,buy,buy,15:14:03,171.58,8.76%,5.167,-8.15%,-8.76%,186.600,186.600,2.70%,7151.12,Y,0,0,G,-,,N,-,buy,-,27-03-11,195.36,73.96,39.82,2.2%,1.3%,"转债占流动市值比：2.2%
转债占总市值比：1.3%",0.00,300767,sz123103,有效期：-；质押代码：123103,123103；2021-09-22 开始转股,全价：186.600 最后更新：15:14:03
128111,中矿转债,sz002738,中矿资源,C,15.45,2022-01-06,2020-12-17,2026-06-10,2024-06-10,,,100.000,y,17.81,30,30,0,0.00,,,96.14,118.000,n,130.000,15,30,0,,N,8.000,1.447,AA-,AA-,无担保,,,,szmb,2021年1月28日公告，本次（2020年12月17日至2021年1月28日）不行使提前赎回权利不提前赎回，至2022年1月28日前均不提前赎回,,128111,128111,2.8784,082738,072738,,N,N,70.254,buy,,,5.29,N,325175572.0,296108329.0,Y,60.74,71973.29,3.35%,00,buy,buy,buy,15:14:03,393.14,8.87%,4.416,-24.79%,-25.41%,428.006,428.006,1.45%,59631.20,Y,0,0,G,-,,N,-,buy,-,26-06-10,436.88,20.09,10.81,0.8%,0.7%,"转债占流动市值比：0.8%
转债占总市值比：0.7%",0.00,002738,sz128111,有效期：-；质押代码：128111,128111；2020-12-17 开始转股,全价：428.006 最后更新：15:14:03
123112,万讯转债,sz300112,万讯自控,C,8.93,2021-05-28,2021-10-14,2027-04-07,2025-04-07,,,100.000,y,44.94,30,30,0,0.00,,,88.93,118.000,n,130.000,15,30,0,,N,2.457,2.454,AA-,AA-,无,,,,szcy,2021年11月27日公告：本次（2021年11月1日至2021年11月26日）不行使提前赎回权利，至2022年2月26日均不提前赎回,,123112,123112,0.8599,380112,370112,,N,N,30.520,-,,,3.46,N,285779089.0,219186741.0,Y,13.91,22748.25,-1.28%,00,buy,buy,buy,15:14:03,155.77,8.92%,5.241,-5.86%,-6.57%,169.659,169.659,-0.38%,36898.69,Y,0,0,G,-,,N,-,buy,-,27-04-07,178.58,11.61,6.25,8.0%,6.2%,"转债占流动市值比：8.0%
转债占总市值比：6.2%",0.00,300112,sz123112,有效期：-；质押代码：123112,123112；2021-10-14 开始转股,全价：169.659 最后更新：15:14:03
113548,石英转债,sh603688,石英股份,C,14.93,2021-05-28,2020-05-06,2025-10-27,2023-10-27,,,100.000,y,18.70,30,30,0,0.00,,,38.62,118.000,n,130.000,15,30,5,,X,3.600,1.202,AA-,AA-,股份质押和保证,,,,shmb,,,113548,113548,1.0780,753688,754688,,N,N,43.700,buy,R,,9.53,N,353147440.0,353147440.0,Y,55.90,26923.16,0.31%,00,buy,buy,buy,14:59:57,374.41,8.96%,3.797,-27.34%,-28.03%,407.960,407.960,-0.18%,18823.62,Y,0,0,,-,,N,-,buy,-,25-10-27,416.92,19.41,10.45,0.6%,0.6%,"转债占流动市值比：0.6%
转债占总市值比：0.6%",0.00,603688,sh113548,有效期：-；质押代码：113548,113548；2020-05-06 开始转股,全价：407.960 最后更新：14:59:57
113609,永安转债,sh603776,永安行,C,16.48,2021-06-11,2021-05-31,2026-11-23,2024-11-25,,,100.000,y,58.17,30,30,0,0.00,,,5.36,115.000,n,130.000,15,30,2,,X,8.860,7.338,AA-,AA-,无担保,,,,shmb,,,113609,113609,4.7620,753776,754776,,N,N,81.304,buy,R,,1.34,N,233447522.0,231880822.0,Y,19.83,9042.22,0.76%,00,buy,buy,buy,14:59:54,120.33,9.30%,4.871,-1.88%,-2.57%,131.520,131.520,0.66%,5149.38,Y,0,0,,-,,N,-,buy,-,26-11-23,140.82,21.42,11.54,16.0%,15.9%,"转债占流动市值比：16.0%
转债占总市值比：15.9%",0.00,603776,sh113609,有效期：-；质押代码：113609,113609；2021-05-31 开始转股,全价：131.520 最后更新：14:59:54
123134,卡倍转债,sz300863,卡倍亿,C,92.50,,2022-07-01,2027-12-27,2025-12-29,,,100.000,y,76.73,30,30,0,0.00,,,,115.000,n,130.000,15,30,0,,X,2.790,2.790,A+,A+,无,,,,szcy,,,未到转股期,123134,5.0516,380863,370863,,N,N,79.110,-,R,,7.36,N,55230000.0,18720000.0,Y,84.39,17418.37,4.13%,00,buy,buy,buy,,91.23,9.61%,5.964,3.31%,2.68%,100.000,100.000,0.00%,0.00,Y,0,0,,-,,N,-,buy,-,27-12-27,109.61,120.25,64.75,17.7%,6.0%,"转债占流动市值比：17.7%
转债占总市值比：6.0%",0.00,300863,sz123134,有效期：-；质押代码：123134,未到转股期；2022-07-01 开始转股,待上市
127042,嘉美转债,sz002969,嘉美包装,C,4.87,,2022-02-14,2027-08-09,2025-08-11,,,100.000,y,61.09,30,30,0,0.00,,,2.42,112.000,n,130.000,15,30,0,,X,7.500,7.500,AA,AA,无,,,,szmb,,,未到转股期,127042,0.7809,082969,072969,,N,N,8.550,-,,,2.35,N,962265735.0,444176962.0,Y,5.58,2869.56,0.90%,00,buy,buy,buy,15:14:03,114.58,9.75%,5.581,-1.29%,-1.82%,125.750,125.750,0.32%,2280.86,Y,0,0,,-,,N,-,buy,-,27-08-09,135.50,6.33,3.41,30.3%,14.0%,"转债占流动市值比：30.3%
转债占总市值比：14.0%",0.00,002969,sz127042,有效期：-；质押代码：127042,未到转股期；2022-02-14 开始转股,全价：125.750 最后更新：15:14:03
123063,大禹转债,sz300021,大禹节水,C,4.83,2021-06-16,2021-02-03,2026-07-27,2025-07-28,,,100.000,y,55.25,30,30,0,0.00,,,10.64,120.000,n,130.000,15,30,0,,X,6.380,6.346,AA-,AA-,无担保,,,,szcy,,,123063,123063,0.8100,380021,370021,,N,N,68.990,buy,,,2.98,N,801074638.0,639330960.0,Y,6.12,27370.14,1.66%,00,buy,buy,buy,15:14:03,126.71,9.86%,4.545,-2.20%,-3.11%,139.200,139.200,0.51%,9385.57,Y,0,0,,-,,N,-,buy,-,26-07-27,149.06,6.28,3.38,16.2%,12.9%,"转债占流动市值比：16.2%
转债占总市值比：12.9%",0.00,300021,sz123063,有效期：-；质押代码：123063,123063；2021-02-03 开始转股,全价：139.200 最后更新：15:14:03
127029,中钢转债,sz000928,中钢国际,C,5.79,2021-09-24,2021-09-27,2027-03-18,2025-03-18,,,100.000,y,48.25,30,30,0,0.00,,,11.40,113.000,n,130.000,15,30,0,,N,9.600,8.195,AA+,AA+,无,,,,szmb,2021年10月26日公告：本次（2021年9月27日至10月26日）不行使提前赎回权利，至2022年4月25日前均不提前赎回,,127029,127029,0.7639,080928,070928,,N,N,20.710,buy,R,,1.78,N,1280919103.0,1280887903.0,Y,8.40,31402.71,-3.45%,00,buy,buy,buy,15:14:03,145.08,9.95%,5.186,-5.80%,-6.34%,159.510,159.510,-1.90%,15048.27,Y,0,0,G,-,,N,-,buy,-,27-03-18,169.46,7.53,4.05,7.6%,7.6%,"转债占流动市值比：7.6%
转债占总市值比：7.6%",0.00,000928,sz127029,有效期：-；质押代码：127029,127029；2021-09-27 开始转股,全价：159.510 最后更新：15:14:03
128100,搜特转债,sz002503,搜于特,C,1.62,2021-08-17,2020-09-18,2026-03-11,2024-03-11,,,100.000,y,69.15,30,30,0,0.00,,,5.72,112.000,n,130.000,15,30,0,,X,8.000,7.991,A,A,无担保,,,,szmb,,,128100,128100,0.2622,082503,072503,,N,N,9.330,buy,R,,3.08,N,3092868251.0,2543064601.0,Y,1.64,12272.98,-1.20%,00,buy,buy,buy,15:14:03,101.23,10.03%,4.167,1.19%,0.46%,111.391,111.391,-0.40%,5098.38,Y,2,2,,-,,N,-,buy,-,26-03-11,121.42,2.11,1.13,19.2%,15.8%,"转债占流动市值比：19.2%
转债占总市值比：15.8%",0.00,002503,sz128100,有效期：-；质押代码：128100,128100；2020-09-18 开始转股,全价：111.391 最后更新：15:14:03
123109,昌红转债,sz300151,昌红科技,C,28.06,2021-06-02,2021-10-08,2027-03-31,2025-03-31,,,100.000,y,53.42,30,30,0,0.00,,,2.84,115.000,n,130.000,15,30,0,,N,4.600,4.596,AA-,AA-,无,,,,szcy,2021年11月30日公告：本次（2021年11月1日至2021年11月29日）不行使提前赎回权利，至2022年5月27日均不提前赎回,,123109,123109,0.9263,380151,370151,,N,N,29.800,buy,,,16.46,N,502506221.0,315770871.0,Y,36.77,7770.48,-0.59%,00,buy,buy,buy,15:14:03,131.04,10.25%,5.222,-3.40%,-4.05%,144.466,144.466,-1.21%,1894.51,Y,0,0,G,-,,N,-,buy,-,27-03-31,154.72,36.48,19.64,4.0%,2.5%,"转债占流动市值比：4.0%
转债占总市值比：2.5%",0.00,300151,sz123109,有效期：-；质押代码：123109,123109；2021-10-08 开始转股,全价：144.466 最后更新：15:14:03
113039,嘉泽转债,sh601619,嘉泽新能,C,3.46,2021-06-11,2021-03-01,2026-08-23,2024-08-23,,,100.000,y,51.31,30,30,0,0.00,,,15.77,108.000,n,130.000,15,30,0,,N,13.000,2.885,AA,AA,无担保,,,,shmb,2022年1月6日公告：本次（2021年12月15日至2022年1月5日）不提前赎回，至2022年4月5日均不提前赎回,,113039,113039,0.6260,764619,783619,,N,N,76.530,buy,,,2.38,N,2434220009.0,2365350009.0,Y,4.72,12910.89,0.00%,00,buy,buy,buy,14:59:59,136.42,10.31%,4.619,-6.15%,-6.61%,150.480,150.480,0.06%,6843.88,Y,0,0,G,-,,N,-,buy,-,26-08-23,160.79,4.50,2.42,2.6%,2.5%,"转债占流动市值比：2.6%
转债占总市值比：2.5%",0.00,601619,sh113039,有效期：-；质押代码：113039,113039；2021-03-01 开始转股,全价：150.480 最后更新：14:59:59
132014,18中化EB,sh601117,中国化学,E,7.39,2021-09-10,2019-04-25,2023-04-24,2022-04-24,,,100.000,y,44.90,30,30,0,1.11,2022-01-11,2022-01-11,0.00,106.000,y,130.000,15,30,0,,N,35.000,14.906,AAA,AAA,预备用于交换的中国化学股票设定为本次债券的担保物,,,,shmb,2021年8月19日公告：本次（2021年7月8日至2021年8月18日）不提前赎回，至2022年3月18日均不提前赎回,,132014,132014,,,,,Q,Q,,buy,R,,1.42,N,6109470588.0,4933000000.0,Y,11.52,75432.30,-3.03%,00,buy,buy,buy,00:00:00,155.89,10.43%,1.285,-30.67%,-31.43%,171.500,172.146,0.00%,0.00,Y,0,0,G,-,,N,-,buy,-,23-04-24,181.93,9.61,5.17,2.6%,2.1%,"转债占流动市值比：2.6%
转债占总市值比：2.1%",0.00,601117,sh132014,有效期：2022-01-11 到 2022-01-11；质押代码：132014,132014；2019-04-25 开始转股,全价：172.146 最后更新：00:00:00
123046,天铁转债,sz300587,天铁股份,C,6.73,2021-12-07,2020-09-25,2026-03-18,2024-03-18,,,100.000,y,25.88,30,30,0,0.00,,,118.37,112.000,n,130.000,15,30,0,,N,3.990,0.605,AA-,AA-,无担保,,,,szcy,2021年12月28日公告：本次（2021年12月7日至2021年12月27日）不提前赎回，至2022年6月27日均不提前赎回,,123046,123046,2.1957,380587,370587,,N,N,52.910,buy,,,6.69,N,628245517.0,478420847.0,Y,18.20,23409.62,6.25%,00,buy,buy,buy,15:14:03,270.43,11.12%,4.186,-20.38%,-20.91%,300.500,300.500,4.04%,21336.12,Y,0,0,G,-,,N,-,buy,-,26-03-18,311.62,8.75,4.71,0.7%,0.5%,"转债占流动市值比：0.7%
转债占总市值比：0.5%",0.00,300587,sz123046,有效期：-；质押代码：123046,123046；2020-09-25 开始转股,全价：300.500 最后更新：15:14:03
113626,伯特转债,sh603596,伯特利,C,36.01,2021-10-28,2022-01-05,2027-06-28,2025-06-27,,,100.000,y,35.94,30,30,0,0.00,,,23.82,116.000,n,130.000,15,30,4,,X,9.020,9.020,AA,AA,无,,,,shmb,,,113626,113626,2.2130,753596,754596,,N,N,70.636,buy,,,8.62,N,408446000.0,406626000.0,Y,70.13,24774.55,10.01%,00,buy,buy,buy,15:00:00,194.75,11.14%,5.466,-10.22%,-10.78%,216.440,216.440,7.24%,45303.14,Y,0,0,,-,,N,-,buy,-,27-06-28,227.58,46.81,25.21,3.2%,3.1%,"转债占流动市值比：3.2%
转债占总市值比：3.1%",0.00,603596,sh113626,有效期：-；质押代码：113626,113626；2022-01-05 开始转股,全价：216.440 最后更新：15:00:00
110077,洪城转债,sh600461,洪城环境,C,6.71,2021-07-09,2021-05-26,2026-11-19,2024-11-19,,,100.000,y,53.62,30,30,0,0.00,,,3.52,110.000,n,130.000,15,30,1,,X,18.000,17.678,AA+,AA+,无担保,,,,shmb,,,110077,110077,1.8980,704461,733461,,N,N,81.140,buy,,,1.46,N,952834715.0,915365970.0,Y,8.76,9370.78,2.22%,00,buy,buy,buy,14:59:57,130.55,11.22%,4.860,-5.03%,-5.49%,145.200,145.200,0.23%,9077.28,Y,0,0,,-,,N,-,buy,-,26-11-19,156.42,8.72,4.70,22.0%,21.2%,"转债占流动市值比：22.0%
转债占总市值比：21.2%",0.00,600461,sh110077,有效期：-；质押代码：110077,110077；2021-05-26 开始转股,全价：145.200 最后更新：14:59:57
113025,明泰转债,sh601677,明泰铝业,C,11.00,2021-05-14,2019-10-16,2025-04-09,2023-04-10,,,100.000,y,18.31,30,30,0,0.00,,,2.26,110.000,n,130.000,15,30,0,,N,18.390,10.966,AA,AA,无担保,,,,shmb,2021年7月19日公告：本次（2021年6月29日至2021年7月19日）不行使明泰转债的提前赎回权利，至2022年1月18日均不提前赎回,,113025,113025,3.1170,764677,783677,,N,N,24.000,buy,,,2.81,N,682582320.0,682436220.0,Y,42.05,19079.64,-1.01%,00,buy,buy,buy,14:59:58,382.27,11.25%,3.247,-33.64%,-34.10%,425.260,425.260,-2.45%,10635.52,Y,0,0,G,-,,N,-,buy,-,25-04-09,436.51,14.30,7.70,3.8%,3.8%,"转债占流动市值比：3.8%
转债占总市值比：3.8%",0.00,601677,sh113025,有效期：-；质押代码：113025,113025；2019-10-16 开始转股,全价：425.260 最后更新：14:59:58
123027,蓝晓转债,sz300487,蓝晓科技,C,29.02,2021-06-24,2019-12-17,2025-06-10,2023-06-12,,,100.000,y,22.13,30,30,0,0.00,,,109.88,113.000,n,130.000,15,30,0,,N,3.400,1.070,A+,A+,无担保,,,,szcy,2021年11月1日公告：本次（2021年9月9日至2021年10月29日）不行使提前赎回权利，至2022年1月29日前均不提前赎回,,123027,123027,1.6461,380487,370487,,N,N,71.900,buy,,,10.11,N,219785441.0,128363816.0,Y,91.80,28901.07,-0.10%,00,buy,buy,buy,15:14:03,316.33,11.27%,3.416,-27.68%,-28.29%,352.000,352.000,-2.47%,41494.77,Y,0,0,G,-,,N,-,buy,-,25-06-10,363.27,37.73,20.31,0.9%,0.5%,"转债占流动市值比：0.9%
转债占总市值比：0.5%",0.00,300487,sz123027,有效期：-；质押代码：123027,123027；2019-12-17 开始转股,全价：352.000 最后更新：15:14:03
113568,新春转债,sh603667,五洲新春,C,8.75,2021-06-15,2020-09-14,2026-03-05,2024-03-05,,,100.000,y,38.52,30,30,0,0.00,,,19.33,118.000,n,130.000,15,30,0,,N,3.300,2.436,AA-,AA-,无担保,,,,shmb,2021年8月10日公告：本次（2021年7月12日至2021年8月10日）不行使提前赎回权利，至2022年2月10日均不提前赎回,,113568,113568,1.1600,753667,754667,,N,N,15.920,buy,,,2.50,N,301173285.0,265065997.0,Y,15.90,6278.23,1.92%,00,buy,buy,buy,14:59:56,181.71,11.36%,4.151,-11.31%,-12.13%,202.360,202.360,0.63%,9629.52,Y,0,0,G,-,,N,-,buy,-,26-03-05,213.72,11.38,6.12,5.8%,5.1%,"转债占流动市值比：5.8%
转债占总市值比：5.1%",0.00,603667,sh113568,有效期：-；质押代码：113568,113568；2020-09-14 开始转股,全价：202.360 最后更新：14:59:56
123097,美力转债,sz300611,美力科技,C,9.28,2021-07-09,2021-08-02,2027-01-26,2025-01-27,,,100.000,y,58.63,30,30,0,0.00,,,10.65,115.000,n,130.000,15,30,6,,X,3.000,2.999,A+,A+,无,,,,szcy,,,123097,123097,1.7295,380611,370611,,N,N,57.250,buy,,,2.46,N,178963188.0,121740438.0,Y,11.08,2369.22,1.93%,00,buy,buy,buy,15:14:03,119.40,11.55%,5.047,-1.83%,-2.54%,133.183,133.183,1.13%,4236.90,Y,0,0,,-,,N,-,buy,-,27-01-26,144.73,12.06,6.50,22.2%,15.1%,"转债占流动市值比：22.2%
转债占总市值比：15.1%",0.00,300611,sz123097,有效期：-；质押代码：123097,123097；2021-08-02 开始转股,全价：133.183 最后更新：15:14:03
113567,君禾转债,sh603617,君禾股份,C,10.58,2021-12-09,2020-09-10,2026-03-03,2024-03-04,,,100.000,y,59.63,30,30,0,0.00,,,6.65,113.000,n,130.000,15,30,0,,X,2.100,2.099,A+,A+,股票质押担保,,,,shmb,,,113567,113567,1.4730,753617,754617,,N,N,70.840,buy,,,4.31,N,259301043.0,199462981.0,Y,12.42,2195.15,-1.11%,00,buy,buy,buy,14:59:48,117.39,11.58%,4.145,-2.39%,-3.15%,130.990,130.990,0.64%,1820.79,Y,0,0,,-,,N,-,buy,-,26-03-03,142.57,13.75,7.41,8.5%,6.5%,"转债占流动市值比：8.5%
转债占总市值比：6.5%",0.00,603617,sh113567,有效期：-；质押代码：113567,113567；2020-09-10 开始转股,全价：130.990 最后更新：14:59:48
113504,艾华转债,sh603989,艾华集团,C,20.81,2021-06-24,2018-09-08,2024-03-02,2022-03-02,,,100.000,y,38.74,30,30,0,0.00,,,1.61,106.000,n,130.000,15,30,0,,N,6.910,4.628,AA,AA,无担保,,,,shmb,2022年1月7日公告：本次（2021年12月17日至2022年1月7日）不提前赎回，至2022年4月7日均不提前赎回,,113504,113504,2.3030,753989,754989,,N,N,82.470,buy,R,,5.11,N,400813533.0,400813533.0,Y,37.60,6993.11,2.17%,00,buy,buy,buy,14:59:58,180.68,11.70%,2.142,-25.26%,-25.79%,201.830,201.830,-0.67%,1494.76,Y,1,1,G,-,,N,-,buy,-,24-03-02,213.53,27.05,14.57,3.1%,3.1%,"转债占流动市值比：3.1%
转债占总市值比：3.1%",0.00,603989,sh113504,有效期：-；质押代码：113504,113504；2018-09-08 开始转股,全价：201.830 最后更新：14:59:58
128121,宏川转债,sz002930,宏川智慧,C,19.89,2021-10-11,2021-01-25,2026-07-16,2024-07-16,,,100.000,y,58.95,30,30,0,0.00,,,5.52,108.000,n,130.000,15,30,9,,X,6.700,6.699,AA-,AA-,无担保,,,,szmb,,,128121,128121,1.5099,082930,072930,,N,N,77.700,buy,,,4.64,N,446826731.0,424324536.0,Y,23.62,10730.13,-3.55%,00,buy,buy,buy,15:14:03,118.75,12.25%,4.515,-3.68%,-4.17%,133.306,133.306,-1.47%,4912.88,Y,0,0,,-,,N,-,buy,-,26-07-16,145.56,25.86,13.92,6.7%,6.3%,"转债占流动市值比：6.7%
转债占总市值比：6.3%",0.00,002930,sz128121,有效期：-；质押代码：128121,128121；2021-01-25 开始转股,全价：133.306 最后更新：15:14:03
128141,旺能转债,sz002034,旺能环境,C,15.97,2021-05-31,2021-06-23,2026-12-16,2024-12-16,,,100.000,y,53.98,30,30,0,0.00,,,22.65,110.000,n,130.000,15,30,0,,X,14.000,12.702,AA,AA,无担保,,,,szmb,,,128141,128141,3.3225,082034,072034,,N,N,69.760,buy,,,1.72,N,429489031.0,426240243.0,Y,20.71,51101.72,5.66%,00,buy,buy,buy,15:14:03,129.68,12.35%,4.934,-4.79%,-5.29%,145.700,145.700,1.46%,42196.89,Y,0,0,,-,,N,-,buy,-,26-12-16,158.05,20.76,11.18,14.4%,14.3%,"转债占流动市值比：14.4%
转债占总市值比：14.3%",0.00,002034,sz128141,有效期：-；质押代码：128141,128141；2021-06-23 开始转股,全价：145.700 最后更新：15:14:03
128025,特一转债,sz002728,特一药业,C,13.80,2021-12-01,2018-06-12,2023-12-06,2021-12-06,,,100.000,y,55.11,30,30,0,0.00,,,204.30,106.000,n,130.000,15,30,1,,X,3.540,2.978,AA-,AA-,许丹青的股票,,,,szmb,,,128025,128025,1.7700,082728,072728,,N,N,74.250,buy,,,3.69,N,221643927.0,127186140.0,Y,17.53,34286.12,9.97%,00,buy,buy,buy,15:14:03,127.03,12.42%,1.904,-13.94%,-14.56%,142.800,142.800,5.78%,85530.62,Y,1,1,,-,,N,-,buy,-,23-12-06,155.22,17.94,9.66,13.4%,7.7%,"转债占流动市值比：13.4%
转债占总市值比：7.7%",0.00,002728,sz128025,有效期：-；质押代码：128025,128025；2018-06-12 开始转股,全价：142.800 最后更新：15:14:03
123084,高澜转债,sz300499,高澜股份,C,9.01,2021-09-22,2021-06-16,2026-12-09,2024-12-09,,,100.000,y,44.89,30,30,0,0.00,,,20.72,115.000,n,130.000,15,30,5,,X,2.800,2.544,A+,A+,无担保,,,,szcy,,,123084,123084,1.0061,380499,370499,,N,N,67.220,buy,,,4.18,N,280804041.0,241690999.0,Y,14.05,13202.17,-0.35%,00,buy,buy,buy,15:14:03,155.94,12.44%,4.915,-7.35%,-8.01%,175.340,175.340,-1.45%,9325.50,Y,1,1,,-,,N,-,buy,-,26-12-09,187.78,11.71,6.31,7.5%,6.4%,"转债占流动市值比：7.5%
转债占总市值比：6.4%",0.00,300499,sz123084,有效期：-；质押代码：123084,123084；2021-06-16 开始转股,全价：175.340 最后更新：15:14:03
113027,华钰转债,sh601020,ST华钰,C,10.17,,2019-12-20,2025-06-13,2023-06-14,,,100.000,y,58.45,30,30,0,0.00,,,14.39,110.000,n,130.000,15,30,0,,N,6.400,3.098,A,A,无担保,,,,shmb,2021年11月10日公告，本次（2021年10月19日至2021年11月9日）不行使提前赎回权利，至2022年4月18日均不提前赎回,,113027,113027,1.2160,764020,783020,,N,N,4.450,buy,,,2.52,N,555312548.0,555312548.0,Y,12.18,8330.25,-0.49%,00,buy,buy,buy,14:59:51,119.76,12.86%,3.425,-4.87%,-5.56%,135.170,135.170,-0.07%,5998.33,Y,0,0,G,-,,N,-,buy,-,25-06-13,148.03,13.22,7.12,4.6%,4.6%,"转债占流动市值比：4.6%
转债占总市值比：4.6%",0.00,601020,sh113027,有效期：-；质押代码：113027,113027；2019-12-20 开始转股,全价：135.170 最后更新：14:59:51
113629,泉峰转债,sh603982,泉峰汽车,C,23.03,,2022-03-22,2027-09-13,2025-09-15,,,100.000,y,39.52,30,30,0,0.00,,,45.06,115.000,n,130.000,15,30,0,,X,6.200,6.200,AA-,AA-,无,,,,shmb,,,未到转股期,113629,3.0780,753982,754982,,N,N,36.230,buy,,,4.51,N,201415700.0,81723140.0,Y,40.79,21775.17,5.32%,00,buy,buy,buy,15:00:00,177.12,12.91%,5.677,-8.61%,-9.16%,199.990,199.990,5.56%,54822.59,Y,0,0,,-,,N,-,buy,-,27-09-13,212.90,29.94,16.12,18.6%,7.5%,"转债占流动市值比：18.6%
转债占总市值比：7.5%",0.00,603982,sh113629,有效期：-；质押代码：113629,未到转股期；2022-03-22 开始转股,全价：199.990 最后更新：15:00:00
128075,远东转债,sz002406,远东传动,C,5.29,2021-07-13,2020-03-27,2025-09-23,2023-09-25,,,100.000,y,60.02,30,30,0,0.00,,,3.63,110.000,n,130.000,15,30,0,,X,8.940,5.438,AA,AA,无担保,,,,szmb,,,128075,128075,1.5930,082406,072406,,N,N,42.076,buy,,,1.13,N,624158139.0,496148542.0,Y,6.17,2358.77,0.33%,00,buy,buy,buy,15:14:03,116.64,12.91%,3.704,-3.82%,-4.47%,131.690,131.690,-0.07%,2587.87,Y,0,0,,-,,N,-,buy,-,25-09-23,144.60,6.88,3.70,17.8%,14.1%,"转债占流动市值比：17.8%
转债占总市值比：14.1%",0.00,002406,sz128075,有效期：-；质押代码：128075,128075；2020-03-27 开始转股,全价：131.690 最后更新：15:14:03
123071,天能转债,sz300569,天能重工,C,7.91,2021-08-02,2021-04-27,2026-10-20,2024-10-21,,,100.000,y,42.20,30,30,0,0.00,,,9.11,115.000,n,130.000,15,30,0,,N,7.000,6.943,AA-,AA-,无担保,,,,szcy,2021年10月15日公告：本次（2021年9月15日至2021年10月14日）不提前赎回，至2022年10月14日均不提前赎回,,123071,123071,1.7863,380569,370569,,N,N,70.512,buy,,,2.88,N,797386255.0,571997143.0,Y,13.12,17120.45,-2.02%,00,buy,buy,buy,15:14:03,165.87,13.04%,4.778,-8.95%,-9.60%,187.501,187.501,-3.20%,12022.07,Y,1,1,G,-,,N,-,buy,-,26-10-20,200.54,10.28,5.54,9.3%,6.6%,"转债占流动市值比：9.3%
转债占总市值比：6.6%",0.00,300569,sz123071,有效期：-；质押代码：123071,123071；2021-04-27 开始转股,全价：187.501 最后更新：15:14:03
127027,靖远转债,sz000552,靖远煤电,C,3.13,2021-10-12,2021-06-16,2026-12-09,2024-12-09,,,100.000,y,59.54,30,30,0,0.00,,,3.04,110.000,n,130.000,15,30,0,,X,28.000,24.307,AA+,AA+,无担保,,,,szmb,,,127027,127027,1.2243,080552,070552,,N,N,35.200,buy,R,,1.01,N,2350879797.0,2347628690.0,Y,3.68,28054.11,-0.54%,00,buy,buy,buy,15:14:03,117.57,13.30%,4.915,-3.02%,-3.53%,133.210,133.210,-0.02%,9779.30,Y,0,0,,-,,N,-,buy,-,26-12-09,146.51,4.07,2.19,28.1%,28.1%,"转债占流动市值比：28.1%
转债占总市值比：28.1%",0.00,000552,sz127027,有效期：-；质押代码：127027,127027；2021-06-16 开始转股,全价：133.210 最后更新：15:14:03
110066,盛屯转债,sh600711,盛屯矿业,C,4.87,2021-07-14,2020-09-07,2026-03-02,2024-03-01,,,100.000,y,33.72,30,30,0,0.00,,,10.74,110.000,n,130.000,15,30,0,,N,23.860,3.834,AA,AA,无担保,,,,shmb,2021年12月25日公告：本次（2021年12月6日至2021年12月24日）不提前赎回，至2022年1月24日均不提前赎回,,110066,110066,1.0330,704711,733711,,N,N,33.540,buy,R,,2.24,N,2747143184.0,2605882223.0,Y,10.11,41117.73,1.10%,00,buy,buy,buy,14:59:58,207.60,13.42%,4.142,-16.16%,-16.65%,235.450,235.450,-0.79%,9751.93,Y,0,0,G,-,,N,-,buy,-,26-03-02,248.87,6.33,3.41,1.5%,1.4%,"转债占流动市值比：1.5%
转债占总市值比：1.4%",0.00,600711,sh110066,有效期：-；质押代码：110066,110066；2020-09-07 开始转股,全价：235.450 最后更新：14:59:58
113615,金诚转债,sh603979,金诚信,C,12.65,2021-06-09,2021-06-29,2026-12-22,2024-12-23,,,100.000,y,43.84,30,30,0,0.00,,,2.25,112.000,n,130.000,15,30,0,,N,10.000,8.664,AA,AA,无担保,,,,shmb,2021年11月24日公告：本次（2021年11月4日至2021年11月24日）不行使提前赎回权利，至2022年5月24日均不提前赎回,,113615,113615,1.7320,753979,754979,,N,N,71.880,buy,,,2.33,N,593966469.0,593966469.0,Y,20.20,7117.67,-1.66%,00,buy,buy,buy,14:59:59,159.68,13.52%,4.951,-8.61%,-9.13%,181.270,181.270,-4.49%,3625.95,Y,0,0,G,-,,N,-,buy,-,26-12-22,194.79,16.45,8.86,7.2%,7.2%,"转债占流动市值比：7.2%
转债占总市值比：7.2%",0.00,603979,sh113615,有效期：-；质押代码：113615,113615；2021-06-29 开始转股,全价：181.270 最后更新：14:59:59
128040,华通转债,sz002758,浙农股份,C,10.15,2021-06-07,2018-12-21,2024-06-13,2022-06-14,,,100.000,y,59.96,30,30,0,0.00,,,7.55,108.000,n,130.000,15,30,0,,X,2.240,2.222,AA,AA,出质人钱木水、沈剑巢、朱国良将其合法拥有的公司股票作为质押资产进行质押担保，钱木水、沈剑巢、朱国良为本次发行可转债提供连带责任保证,,,,szmb,,,128040,128040,1.0666,082758,072758,,N,N,29.770,buy,,,1.75,N,487993037.0,195027600.0,Y,11.85,4347.59,0.59%,00,buy,buy,buy,15:14:03,116.75,13.68%,2.425,-7.12%,-7.89%,132.720,132.720,1.32%,2220.00,Y,0,0,,-,,N,-,buy,-,24-06-13,146.40,13.20,7.11,9.6%,3.8%,"转债占流动市值比：9.6%
转债占总市值比：3.8%",0.00,002758,sz128040,有效期：-；质押代码：128040,128040；2018-12-21 开始转股,全价：132.720 最后更新：15:14:03
123080,海波转债,sz300517,海波重科,C,11.58,2021-06-01,2021-06-08,2026-12-01,2024-12-02,,,100.000,y,60.49,30,30,0,0.00,,,6.47,120.000,n,130.000,15,30,0,,X,2.450,2.435,A+,A+,无担保,,,,szcy,,,123080,123080,2.2955,380517,370517,,N,N,77.246,buy,,,2.82,N,192182818.0,112564498.0,Y,13.40,1658.45,1.28%,00,buy,buy,buy,15:14:03,115.72,13.85%,4.893,-0.93%,-1.79%,131.740,131.740,0.65%,2065.61,Y,0,0,,-,,N,-,buy,-,26-12-01,145.59,15.05,8.11,16.1%,9.5%,"转债占流动市值比：16.1%
转债占总市值比：9.5%",0.00,300517,sz123080,有效期：-；质押代码：123080,123080；2021-06-08 开始转股,全价：131.740 最后更新：15:14:03
123035,利德转债,sz300296,利亚德,C,6.96,2021-05-24,2020-05-20,2025-11-13,2023-11-13,,,100.000,y,45.88,30,30,0,0.00,,,6.01,110.000,n,130.000,15,30,0,,N,8.000,7.988,AA+,AA+,无担保,,,,szcy,2021年8月6日公告：本次（自2021年7月19日至2021年8月6日）不行使提前赎回的权利，至2022年2月6日均不提前赎回,,123035,123035,0.3174,380296,370296,,N,N,53.270,buy,R,,3.52,N,2542901478.0,1988702066.0,Y,10.62,104677.77,-0.65%,00,buy,buy,buy,15:14:03,152.59,13.87%,3.844,-10.48%,-11.05%,173.752,173.752,-0.78%,8365.87,Y,0,0,G,-,,N,-,buy,-,25-11-13,187.62,9.05,4.87,3.8%,3.0%,"转债占流动市值比：3.8%
转债占总市值比：3.0%",0.00,300296,sz123035,有效期：-；质押代码：123035,123035；2020-05-20 开始转股,全价：173.752 最后更新：15:14:03
127028,英特转债,sz000411,英特集团,C,13.22,2021-12-24,2021-07-12,2027-01-04,2025-01-06,,,100.000,y,62.53,30,30,0,0.00,,,18.21,108.000,n,130.000,15,30,0,,X,6.000,5.990,AA+,AA+,无担保,,,,szmb,,,127028,127028,2.4102,080411,070411,,N,N,52.150,buy,,,2.00,N,255376150.0,207422211.0,Y,14.80,11737.86,1.65%,00,buy,buy,buy,15:14:03,111.95,13.87%,4.986,-2.46%,-2.91%,127.480,127.480,0.66%,13924.94,Y,1,1,,-,,N,-,buy,-,27-01-04,141.35,17.19,9.25,19.5%,15.8%,"转债占流动市值比：19.5%
转债占总市值比：15.8%",0.00,000411,sz127028,有效期：-；质押代码：127028,127028；2021-07-12 开始转股,全价：127.480 最后更新：15:14:03
128087,孚日转债,sz002083,孚日股份,C,4.50,2021-04-28,2020-06-23,2025-12-17,2023-12-18,,,100.000,y,62.25,30,30,0,0.00,,,12.03,108.000,n,130.000,15,30,0,,X,6.500,6.497,AA-,AA-,无担保,,,,szmb,,,128087,128087,0.7403,082083,072083,,N,N,47.200,buy,,,1.22,N,908045977.0,905433276.0,Y,5.06,17987.46,2.43%,00,buy,buy,buy,15:14:03,112.44,13.87%,3.937,-3.33%,-3.87%,128.037,128.037,1.86%,9876.62,Y,1,1,,-,,N,-,buy,-,25-12-17,141.91,5.85,3.15,14.2%,14.1%,"转债占流动市值比：14.2%
转债占总市值比：14.1%",0.00,002083,sz128087,有效期：-；质押代码：128087,128087；2020-06-23 开始转股,全价：128.037 最后更新：15:14:03
127011,中鼎转2,sz000887,中鼎股份,C,11.39,2021-06-07,2019-09-16,2025-03-08,2023-03-08,,,100.000,y,36.81,30,30,0,0.00,,,6.50,110.000,n,130.000,15,30,5,,X,12.000,11.987,AA+,AA+,无担保,,,,szmb,,,127011,127011,0.9829,080887,070887,,N,N,63.530,buy,R,,2.81,N,1220929912.0,1218337489.0,Y,21.66,62541.82,4.23%,00,buy,buy,buy,15:14:03,190.17,14.11%,3.159,-18.63%,-19.24%,217.000,217.000,1.40%,16931.84,Y,0,0,,-,,N,-,buy,-,25-03-08,231.11,14.81,7.97,4.5%,4.5%,"转债占流动市值比：4.5%
转债占总市值比：4.5%",0.00,000887,sz127011,有效期：-；质押代码：127011,127011；2019-09-16 开始转股,全价：217.000 最后更新：15:14:03
113610,灵康转债,sh603669,灵康药业,C,8.61,2021-05-31,2021-06-07,2026-11-30,2024-11-29,,,100.000,y,62.07,30,30,0,0.00,,,8.38,115.000,n,130.000,15,30,0,,X,5.250,4.580,AA-,AA-,控股股东灵康控股保证的担保方式,,,,shmb,,,113610,113610,0.7350,753669,754669,,N,N,78.680,buy,,,4.76,N,721227382.0,721227382.0,Y,9.71,3941.58,1.78%,00,buy,buy,buy,14:59:55,112.78,14.26%,4.890,-1.35%,-2.06%,128.860,128.860,1.69%,4905.13,Y,0,0,,-,,N,-,buy,-,26-11-30,143.12,11.19,6.03,6.5%,6.5%,"转债占流动市值比：6.5%
转债占总市值比：6.5%",0.00,603669,sh113610,有效期：-；质押代码：113610,113610；2021-06-07 开始转股,全价：128.860 最后更新：14:59:55
123110,九典转债,sz300705,九典制药,C,26.44,2021-05-19,2021-10-08,2027-03-31,2025-03-31,,,100.000,y,54.97,30,30,0,0.00,,,34.90,115.000,n,130.000,15,30,1,,X,2.700,2.698,A+,A+,无,,,,szcy,,,123110,123110,1.1505,380705,370705,,N,N,44.270,buy,,,7.43,N,234687298.0,142890383.0,Y,33.67,19443.03,3.28%,00,buy,buy,buy,15:14:03,127.34,14.26%,5.222,-3.48%,-4.14%,145.510,145.510,1.88%,13585.62,Y,0,0,,-,,N,-,buy,-,27-03-31,159.77,34.37,18.51,5.6%,3.4%,"转债占流动市值比：5.6%
转债占总市值比：3.4%",0.00,300705,sz123110,有效期：-；质押代码：123110,123110；2021-10-08 开始转股,全价：145.510 最后更新：15:14:03
128096,奥瑞转债,sz002701,奥瑞金,C,4.50,2021-06-09,2020-08-17,2026-02-11,2024-02-12,,,100.000,y,47.37,30,30,0,0.00,,,3.52,110.000,n,130.000,15,30,5,,X,10.870,5.665,AA+,AA+,无担保,,,,szmb,,,128096,128096,0.4614,082701,072701,,N,N,58.210,buy,R,,2.21,N,2447652008.0,2445438132.0,Y,6.65,14089.29,0.76%,00,buy,buy,buy,15:14:03,147.78,14.27%,4.090,-9.06%,-9.64%,168.868,168.868,1.61%,3363.02,Y,0,0,,-,,N,-,buy,-,26-02-11,183.14,5.85,3.15,3.5%,3.5%,"转债占流动市值比：3.5%
转债占总市值比：3.5%",0.00,002701,sz128096,有效期：-；质押代码：128096,128096；2020-08-17 开始转股,全价：168.868 最后更新：15:14:03
113527,维格转债,sh603518,锦泓集团,C,9.85,2020-08-05,2019-07-30,2025-01-23,2023-01-23,,,100.000,y,56.15,30,30,0,0.00,,,17.78,115.000,n,130.000,15,30,1,,X,7.460,2.864,AA,AA,无担保,,,,shmb,,,113527,113527,4.1310,753518,754518,,N,N,4.910,buy,,,1.47,N,296628771.0,296628771.0,Y,12.28,5552.09,-2.62%,00,buy,buy,buy,14:59:58,124.67,14.30%,3.038,-5.75%,-6.76%,142.500,142.500,-0.77%,7248.35,Y,1,1,,-,,N,-,buy,-,25-01-23,156.80,12.80,6.89,7.9%,7.9%,"转债占流动市值比：7.9%
转债占总市值比：7.9%",0.00,603518,sh113527,有效期：-；质押代码：113527,113527；2019-07-30 开始转股,全价：142.500 最后更新：14:59:58
123042,银河转债,sz300619,金银河,C,23.59,2021-12-10,2020-07-20,2026-01-13,2024-01-15,,,100.000,y,21.44,30,30,0,0.00,,,352.70,110.000,n,130.000,15,30,5,,X,1.670,0.975,A+,A+,无担保,,,,szcy,,,123042,123042,2.2316,380619,370619,,N,N,49.650,buy,,,11.63,N,84664538.0,59449716.0,Y,77.01,29148.90,6.96%,00,buy,buy,buy,15:14:03,326.45,14.34%,4.011,-25.76%,-26.20%,373.280,373.280,5.88%,127053.85,Y,0,0,,-,,N,-,buy,-,26-01-13,387.62,30.67,16.51,2.1%,1.5%,"转债占流动市值比：2.1%
转债占总市值比：1.5%",0.00,300619,sz123042,有效期：-；质押代码：123042,123042；2020-07-20 开始转股,全价：373.280 最后更新：15:14:03
113048,晶科转债,sh601778,晶科科技,C,5.46,2021-10-27,2021-10-29,2027-04-22,2025-04-22,,,100.000,y,49.25,30,30,0,0.00,,,6.96,112.000,n,130.000,15,30,0,,N,30.000,22.968,AA,AA,无,,,,shmb,2021年11月19日公告：本次（2021年10月29日至2021年11月18日）不行使提前赎回权利，至2022年5月18日均不提前赎回,,113048,113048,1.0840,764778,783778,,N,N,37.350,buy,,,1.90,N,2894287104.0,2040887104.0,Y,7.76,32794.95,0.52%,00,buy,buy,buy,14:59:58,142.12,14.57%,5.282,-6.15%,-6.67%,162.830,162.830,-0.35%,25842.86,Y,1,1,G,-,,N,-,buy,-,27-04-22,177.40,7.10,3.82,14.5%,10.2%,"转债占流动市值比：14.5%
转债占总市值比：10.2%",0.00,601778,sh113048,有效期：-；质押代码：113048,113048；2021-10-29 开始转股,全价：162.830 最后更新：14:59:58
128107,交科转债,sz002061,浙江交科,C,5.24,2021-07-13,2020-10-28,2026-04-22,2024-04-22,,,100.000,y,61.75,30,30,0,0.00,,,1.45,110.000,n,130.000,15,30,0,,X,25.000,24.997,AA+,AA+,无担保,,,,szmb,,,128107,128107,1.8173,082061,072061,,N,N,83.390,buy,,,0.89,N,1375702619.0,1375702619.0,Y,5.94,21864.54,1.19%,00,buy,buy,buy,15:14:03,113.36,14.65%,4.282,-2.89%,-3.49%,129.966,129.966,0.21%,4715.79,Y,0,0,,-,,N,-,buy,-,26-04-22,144.62,6.81,3.67,30.6%,30.6%,"转债占流动市值比：30.6%
转债占总市值比：30.6%",0.00,002061,sz128107,有效期：-；质押代码：128107,128107；2020-10-28 开始转股,全价：129.966 最后更新：15:14:03
113549,白电转债,sh603861,白云电器,C,9.06,2021-11-16,2020-05-21,2025-11-14,2023-11-14,,,100.000,y,58.51,30,30,0,0.00,,,14.31,110.000,n,130.000,15,30,7,,X,8.800,8.048,AA,AA,无担保,,,,shmb,,,113549,113549,1.9470,753861,753861,,N,N,62.480,buy,,,1.75,N,435981858.0,421289381.0,Y,10.84,7527.69,-4.32%,00,buy,buy,buy,14:59:59,119.65,14.66%,3.847,-4.71%,-5.33%,137.190,137.190,-1.83%,15708.17,Y,0,0,,-,,N,-,buy,-,25-11-14,151.85,11.78,6.34,17.6%,17.0%,"转债占流动市值比：17.6%
转债占总市值比：17.0%",0.00,603861,sh113549,有效期：-；质押代码：113549,113549；2020-05-21 开始转股,全价：137.190 最后更新：14:59:59
123107,温氏转债,sz300498,温氏股份,C,17.62,2021-07-08,2021-10-08,2027-03-28,2025-03-28,,,100.000,y,57.45,30,30,0,0.89,2022-01-11,2022-01-11,1.44,108.000,n,130.000,15,30,0,,X,92.970,92.966,AAA,AAA,无,,,,szcy,,,123107,123107,1.4587,380498,370498,,N,N,73.790,buy,R,,3.78,N,6351814344.0,4728906382.0,Y,21.47,138442.65,6.66%,00,buy,buy,buy,15:14:03,121.85,14.90%,5.214,-4.10%,-4.52%,140.000,140.000,1.34%,18851.80,Y,0,0,,-,,N,-,buy,-,27-03-28,154.90,22.91,12.33,9.2%,6.8%,"转债占流动市值比：9.2%
转债占总市值比：6.8%",0.00,300498,sz123107,有效期：2022-01-11 到 2022-01-11；质押代码：123107,123107；2021-10-08 开始转股,全价：140.000 最后更新：15:14:03
123127,耐普转债,sz300818,耐普矿机,C,37.00,,2022-05-04,2027-10-28,2025-10-28,,,100.000,y,55.76,30,30,0,0.00,,,50.31,110.000,n,130.000,15,30,0,,X,4.000,4.000,A+,A+,无,,,,szcy,,,未到转股期,123127,5.7870,380818,370818,,N,N,22.780,-,,,3.45,N,70000000.0,31453000.0,Y,46.45,20369.33,1.29%,00,buy,buy,buy,15:14:03,125.54,15.10%,5.800,-3.76%,-4.22%,144.498,144.498,0.54%,29176.62,Y,0,0,,-,,N,-,buy,-,27-10-28,159.60,48.10,25.90,27.4%,12.3%,"转债占流动市值比：27.4%
转债占总市值比：12.3%",0.00,300818,sz123127,有效期：-；质押代码：123127,未到转股期；2022-05-04 开始转股,全价：144.498 最后更新：15:14:03
113545,金能转债,sh603113,金能科技,C,10.43,2021-05-31,2020-04-20,2025-10-13,2023-10-13,,,100.000,y,46.03,30,30,0,0.00,,,0.90,110.000,n,130.000,15,30,0,,N,15.000,9.867,AA,AA,无担保,,,,shmb,2021年12月23日公告：本次（2021年12月3日至2021年12月23日）不提前赎回，至2022年3月22日均不提前赎回,,113545,113545,2.2190,753113,754113,,N,N,47.100,buy,R,,1.52,N,855071934.0,723665890.0,Y,15.86,11010.73,1.28%,00,buy,buy,buy,14:59:57,152.06,15.23%,3.759,-10.91%,-11.48%,175.220,175.220,0.48%,1559.91,Y,0,0,G,-,,N,-,buy,-,25-10-13,190.45,13.56,7.30,8.6%,7.3%,"转债占流动市值比：8.6%
转债占总市值比：7.3%",0.00,603113,sh113545,有效期：-；质押代码：113545,113545；2020-04-20 开始转股,全价：175.220 最后更新：14:59:57
113599,嘉友转债,sh603871,嘉友国际,C,18.32,2021-06-15,2021-02-18,2026-08-04,2024-08-04,,,100.000,y,58.03,30,30,0,0.00,,,3.64,120.000,n,130.000,15,30,0,,X,7.200,7.198,AA-,AA-,无担保,,,,shmb,,,113599,113599,3.2790,753871,754871,,N,N,90.430,buy,,,3.20,N,316960704.0,285385258.0,Y,22.10,1668.80,-0.85%,00,buy,buy,buy,14:59:51,120.63,15.23%,4.567,-2.24%,-3.13%,139.010,139.010,-2.04%,3640.19,Y,0,0,,-,,N,-,buy,-,26-08-04,154.24,23.82,12.82,11.4%,10.3%,"转债占流动市值比：11.4%
转债占总市值比：10.3%",0.00,603871,sh113599,有效期：-；质押代码：113599,113599；2021-02-18 开始转股,全价：139.010 最后更新：14:59:51
123075,贝斯转债,sz300580,贝斯特,C,23.74,2021-05-24,2021-05-06,2026-11-01,2024-11-01,,,100.000,y,53.64,30,30,0,0.00,,,25.86,110.000,n,130.000,15,30,3,,X,6.000,5.997,AA-,AA-,无担保,,,,szcy,,,123075,123075,3.0000,380580,370580,,N,N,84.750,buy,,,3.21,N,200010790.0,186527665.0,Y,30.98,16673.35,-4.94%,00,buy,buy,buy,15:14:03,130.50,15.34%,4.811,-5.52%,-6.03%,150.510,150.510,-3.52%,23532.54,Y,0,0,,-,,N,-,buy,-,26-11-01,165.85,30.86,16.62,10.4%,9.7%,"转债占流动市值比：10.4%
转债占总市值比：9.7%",0.00,300580,sz123075,有效期：-；质押代码：123075,123075；2021-05-06 开始转股,全价：150.510 最后更新：15:14:03
123100,朗科转债,sz300543,朗科智能,C,11.61,2021-05-26,2021-08-23,2027-02-08,2025-02-10,,,100.000,y,58.85,30,30,0,0.00,,,3.06,112.000,n,130.000,15,30,9,,X,3.800,3.799,AA-,AA-,无,,,,szcy,,,123100,123100,1.8421,380543,380543,,N,N,12.940,buy,,,3.54,N,268174890.0,199696919.0,Y,13.81,3985.24,0.80%,00,buy,buy,buy,15:14:03,118.95,15.60%,5.082,-3.11%,-3.68%,137.501,137.501,0.02%,1593.17,Y,0,0,,-,,N,-,buy,-,27-02-08,153.10,15.09,8.13,13.8%,10.3%,"转债占流动市值比：13.8%
转债占总市值比：10.3%",0.00,300543,sz123100,有效期：-；质押代码：123100,123100；2021-08-23 开始转股,全价：137.501 最后更新：15:14:03
128044,岭南转债,sz002717,岭南股份,C,3.43,2021-12-01,2019-02-20,2024-08-14,2022-08-14,,,100.000,y,64.03,30,30,0,0.00,,,15.81,107.000,n,130.000,15,30,0,,X,6.600,6.589,AA-,AA-,无担保,,,,szmb,,,128044,128044,0.6542,082717,072717,,N,N,40.500,buy,,,1.30,N,1684418292.0,1125742527.0,Y,3.75,43589.48,5.63%,00,buy,buy,buy,15:14:03,109.33,15.66%,2.595,-5.21%,-5.89%,126.455,126.455,2.43%,13010.91,Y,2,2,,-,,N,-,buy,-,24-08-14,142.12,4.46,2.40,15.6%,10.4%,"转债占流动市值比：15.6%
转债占总市值比：10.4%",0.00,002717,sz128044,有效期：-；质押代码：128044,128044；2019-02-20 开始转股,全价：126.455 最后更新：15:14:03
113570,百达转债,sh603331,百达精工,C,11.34,2021-06-30,2020-09-17,2026-03-10,2024-03-11,,,100.000,y,62.45,30,30,0,0.00,,,8.30,110.000,n,130.000,15,30,4,,X,2.800,2.799,A+,A+,股份质押的担保,,,,shmb,,,113570,113570,2.1800,753331,754331,,N,N,46.370,buy,,,2.59,N,178159917.0,175419917.0,Y,12.71,1259.87,0.63%,00,buy,buy,buy,14:59:57,112.08,15.69%,4.164,-2.92%,-3.53%,129.670,129.670,0.34%,3014.40,Y,0,0,,-,,N,-,buy,-,26-03-10,145.36,14.74,7.94,12.6%,12.4%,"转债占流动市值比：12.6%
转债占总市值比：12.4%",0.00,603331,sh113570,有效期：-；质押代码：113570,113570；2020-09-17 开始转股,全价：129.670 最后更新：14:59:57
128145,日丰转债,sz002953,日丰股份,C,13.66,2021-06-02,2021-09-27,2027-03-21,2025-03-21,,,100.000,y,57.57,30,30,0,0.00,,,5.30,110.000,n,130.000,30,30,0,,X,3.800,3.797,AA-,AA-,股份质押的担保方式,,,,szmb,,,128145,128145,2.1854,082953,072953,,N,N,79.780,buy,,,3.25,N,243382760.0,74669185.0,Y,16.61,5147.34,-1.54%,00,buy,buy,buy,15:14:03,121.60,15.83%,5.195,-3.83%,-4.33%,140.850,140.850,0.47%,2836.14,Y,0,0,,-,,N,-,buy,-,27-03-21,156.68,17.76,9.56,30.6%,9.4%,"转债占流动市值比：30.6%
转债占总市值比：9.4%",0.00,002953,sz128145,有效期：-；质押代码：128145,128145；2021-09-27 开始转股,全价：140.850 最后更新：15:14:03
113550,常汽转债,sh603035,常熟汽饰,C,9.33,2021-05-28,2020-05-22,2025-11-17,2023-11-17,,,100.000,y,34.67,30,30,0,0.00,,,168.69,115.000,n,130.000,15,30,0,,N,9.924,2.147,AA-,AA-,无担保,,,,shmb,2021年12月3日公告：本次（2021年11月12日至2021年12月2日）不行使提前赎回权利，至2022年3月2日）均不提前赎回,,113550,113550,3.5440,753035,754035,,N,N,49.290,buy,,,1.72,N,360749112.0,360749112.0,Y,18.84,28668.62,9.98%,00,buy,buy,buy,15:00:00,201.93,15.84%,3.855,-16.07%,-16.78%,233.910,233.910,7.55%,83083.34,Y,0,0,G,-,,N,-,buy,-,25-11-17,249.75,12.13,6.53,3.2%,3.2%,"转债占流动市值比：3.2%
转债占总市值比：3.2%",0.00,603035,sh113550,有效期：-；质押代码：113550,113550；2020-05-22 开始转股,全价：233.910 最后更新：15:00:00
110038,济川转债,sh600566,济川药业,C,23.40,2021-05-26,2018-05-17,2022-11-12,2020-11-13,,,100.000,y,40.75,30,30,0,0.00,,,18.77,100.000,y,125.000,15,30,2,,X,8.430,6.302,AA,AA,无担保,,,,shmb,,,110038,110038,1.0410,704566,733566,,N,N,15.921,buy,R,,2.94,N,888273021.0,888273021.0,Y,28.71,63013.61,-0.59%,00,buy,buy,buy,14:59:54,122.69,15.90%,0.838,-30.38%,-31.39%,142.200,142.200,-0.79%,16852.74,Y,1,1,,-,,N,-,buy,-,22-11-12,158.10,29.25,11.70,2.5%,2.5%,"转债占流动市值比：2.5%
转债占总市值比：2.5%",0.00,600566,sh110038,有效期：-；质押代码：110038,110038；2018-05-17 开始转股,全价：142.200 最后更新：14:59:54
113030,东风转债,sh601515,东风股份,C,6.40,2021-11-12,2020-06-30,2025-12-23,2023-12-25,,,100.000,y,52.64,30,30,0,0.00,,,32.16,112.000,n,130.000,15,30,7,,X,2.950,2.949,AA,AA,无担保,,,,shmb,,,113030,113030,0.2210,764515,783515,,N,N,13.210,buy,R,,2.85,N,1535743492.0,1334423360.0,Y,8.51,32721.15,4.42%,00,buy,buy,buy,14:59:54,132.97,16.40%,3.953,-7.08%,-7.74%,154.780,154.780,1.69%,14609.76,Y,0,0,,-,,N,-,buy,-,25-12-23,171.18,8.32,4.48,2.6%,2.3%,"转债占流动市值比：2.6%
转债占总市值比：2.3%",0.00,601515,sh113030,有效期：-；质押代码：113030,113030；2020-06-30 开始转股,全价：154.780 最后更新：14:59:54
123045,雷迪转债,sz300652,雷迪克,C,19.63,2021-07-01,2020-09-18,2026-03-11,2024-03-11,,,100.000,y,59.87,30,30,0,0.00,,,30.99,113.000,n,130.000,15,30,0,,X,2.880,1.661,A+,A+,无担保,,,,szcy,,,123045,123045,3.2784,380652,370652,,N,N,44.120,buy,,,2.21,N,94082005.0,83507961.0,Y,22.95,4481.68,1.91%,00,buy,buy,buy,15:14:03,116.91,16.53%,4.167,-3.29%,-4.04%,136.240,136.240,0.73%,7012.85,Y,0,0,,-,,N,-,buy,-,26-03-11,152.77,25.52,13.74,8.7%,7.7%,"转债占流动市值比：8.7%
转债占总市值比：7.7%",0.00,300652,sz123045,有效期：-；质押代码：123045,123045；2020-09-18 开始转股,全价：136.240 最后更新：15:14:03
113602,景20转债,sh603228,景旺电子,C,27.40,2021-05-12,2021-03-01,2026-08-23,2024-08-23,,,100.000,y,58.39,30,30,0,0.00,,,1.65,108.000,n,130.000,15,30,0,,X,17.800,17.798,AA,AA,无担保,,,,shmb,,,113602,113602,2.0900,753228,754228,,N,N,85.940,buy,R,,3.96,N,851672591.0,841872019.0,Y,32.85,18512.25,-0.51%,00,buy,buy,buy,14:59:09,119.89,16.55%,4.619,-4.59%,-5.06%,139.730,139.730,0.16%,4085.50,Y,1,1,,-,,N,-,buy,-,26-08-23,156.28,35.62,19.18,6.4%,6.4%,"转债占流动市值比：6.4%
转债占总市值比：6.4%",0.00,603228,sh113602,有效期：-；质押代码：113602,113602；2021-03-01 开始转股,全价：139.730 最后更新：14:59:09
123070,鹏辉转债,sz300438,鹏辉能源,C,20.08,2021-08-17,2021-04-26,2026-10-19,2024-10-21,,,100.000,y,34.94,30,30,0,0.00,,,25.21,110.000,n,130.000,20,30,5,,X,8.900,5.988,AA,AA,无担保,,,,szcy,,,123070,123070,2.1380,380438,370438,,N,N,72.570,buy,,,6.58,N,433497356.0,329639518.0,Y,40.23,33866.24,-0.91%,00,buy,buy,buy,15:14:03,200.35,16.58%,4.775,-14.02%,-14.46%,233.564,233.564,-3.77%,36548.52,Y,0,0,,-,,N,-,buy,-,26-10-19,250.14,26.10,14.06,4.5%,3.4%,"转债占流动市值比：4.5%
转债占总市值比：3.4%",0.00,300438,sz123070,有效期：-；质押代码：123070,123070；2021-04-26 开始转股,全价：233.564 最后更新：15:14:03
111000,起帆转债,sh605222,起帆电缆,C,20.10,2021-10-29,2021-11-29,2027-05-24,2025-05-23,,,100.000,y,56.64,30,30,0,0.00,,,2.70,115.000,n,130.000,15,30,4,,X,10.000,9.997,AA-,AA-,无,,,,shmb,,,111000,111000,,715222,713222,,N,N,35.980,buy,,,2.89,N,418213213.0,100016213.0,Y,24.84,5774.46,0.32%,00,buy,buy,buy,14:59:58,123.58,16.64%,5.370,-3.34%,-3.96%,144.150,144.150,-0.15%,3916.23,Y,0,0,,-,,N,-,buy,-,27-05-24,160.79,26.13,14.07,40.2%,9.6%,"转债占流动市值比：40.2%
转债占总市值比：9.6%",0.00,605222,sh111000,有效期：-；质押代码：111000,111000；2021-11-29 开始转股,全价：144.150 最后更新：14:59:58
110071,湖盐转债,sh600929,雪天盐业,C,6.52,2021-05-31,2021-01-18,2026-07-09,2024-07-09,,,100.000,y,62.35,30,30,0,0.00,,,3.54,110.000,n,130.000,15,30,0,,X,7.200,7.198,AA,AA,无担保,,,,shmb,,,110071,110071,0.7840,704929,733929,,N,N,78.196,buy,R,,2.51,N,931898142.0,917778142.0,Y,7.32,4651.71,-0.41%,00,buy,buy,buy,14:59:41,112.27,16.68%,4.496,-2.93%,-3.49%,131.000,131.000,-0.27%,3338.97,Y,0,0,,-,,N,-,buy,-,26-07-09,147.68,8.48,4.56,10.7%,10.6%,"转债占流动市值比：10.7%
转债占总市值比：10.6%",0.00,600929,sh110071,有效期：-；质押代码：110071,110071；2021-01-18 开始转股,全价：131.000 最后更新：14:59:41
123057,美联转债,sz300586,美联新材,C,9.50,2021-07-12,2021-01-07,2026-06-30,2024-07-01,,,100.000,y,55.46,30,30,0,0.00,,,25.63,112.000,n,130.000,15,30,0,,N,2.070,2.066,AA-,AA-,无担保,,,,szcy,2021年12月13日公告：本次（2021年11月19日至2021年12月13日）不提前赎回，至2022年6月13日均提前赎回,,123057,123057,0.4533,380586,370586,,N,N,82.410,buy,,,5.12,N,524473683.0,278488891.0,Y,11.99,7006.03,0.42%,00,buy,buy,buy,15:14:03,126.21,16.87%,4.471,-5.01%,-5.65%,147.500,147.500,-0.34%,7788.39,Y,0,0,G,-,,N,-,buy,-,26-06-30,164.37,12.35,6.65,6.2%,3.3%,"转债占流动市值比：6.2%
转债占总市值比：3.3%",0.00,300586,sz123057,有效期：-；质押代码：123057,123057；2021-01-07 开始转股,全价：147.500 最后更新：15:14:03
110057,现代转债,sh600420,国药现代,C,9.79,2021-06-25,2019-10-08,2025-03-31,2023-04-01,,,100.000,y,66.41,30,30,0,0.81,2022-01-11,2022-01-11,2.85,106.000,n,130.000,15,30,0,,X,16.160,16.157,AAA,AAA,无担保,,,,shmb,,,110057,110057,1.5290,704420,733420,,N,N,32.790,buy,,,1.22,N,1026964555.0,1026964555.0,Y,10.32,8626.26,1.67%,00,buy,buy,buy,14:59:58,105.41,16.95%,3.222,-3.47%,-4.03%,123.280,123.280,1.19%,5673.23,Y,0,0,,-,,N,-,buy,-,25-03-31,140.23,12.73,6.85,15.2%,15.2%,"转债占流动市值比：15.2%
转债占总市值比：15.2%",0.00,600420,sh110057,有效期：2022-01-11 到 2022-01-11；质押代码：110057,110057；2019-10-08 开始转股,全价：123.280 最后更新：14:59:58
128119,龙大转债,sz002726,龙大美食,C,9.29,2021-08-12,2021-01-18,2026-07-12,2024-07-15,,,100.000,y,58.17,30,30,0,0.00,,,6.36,115.000,n,130.000,15,30,0,,X,9.500,9.461,AA,AA,无担保,,,,szmb,,,128119,128119,0.9516,082726,072726,,N,N,73.670,buy,R,,2.87,N,1078860185.0,991083080.0,Y,11.18,31646.37,6.58%,00,buy,buy,buy,15:14:03,120.34,17.00%,4.504,-3.57%,-4.29%,140.799,140.799,3.45%,8432.77,Y,0,0,,-,,N,-,buy,-,26-07-12,157.80,12.08,6.50,8.5%,7.8%,"转债占流动市值比：8.5%
转债占总市值比：7.8%",0.00,002726,sz128119,有效期：-；质押代码：128119,128119；2021-01-18 开始转股,全价：140.799 最后更新：15:14:03
127013,创维转债,sz000810,创维数字,C,11.29,2021-06-10,2019-10-21,2025-04-15,2023-04-17,,,100.000,y,62.28,30,30,0,0.00,,,20.56,113.000,n,130.000,15,30,0,,X,10.400,9.779,AA,AA,无担保,,,,szmb,,,127013,127013,0.9821,080810,070810,,N,N,26.600,buy,R,,3.09,N,1063237105.0,1030222093.0,Y,12.69,73001.07,-0.86%,00,buy,buy,buy,15:14:03,112.40,17.19%,3.263,-3.56%,-4.44%,131.720,131.720,-1.68%,26782.44,Y,0,0,,-,,N,-,buy,-,25-04-15,148.91,14.68,7.90,7.5%,7.2%,"转债占流动市值比：7.5%
转债占总市值比：7.2%",0.00,000810,sz127013,有效期：-；质押代码：127013,127013；2019-10-21 开始转股,全价：131.720 最后更新：15:14:03
113051,节能转债,sh601016,节能风电,C,4.05,,2021-12-27,2027-06-21,2025-06-20,,,100.000,y,50.81,30,30,0,0.00,,,7.75,110.000,n,130.000,15,30,10,,X,30.000,29.994,AA+,AA+,无担保,,,,shmb,,,113051,113051,0.5980,764016,783016,,N,N,63.210,buy,R,,2.63,N,5013160039.0,4480549720.0,Y,5.58,154188.65,-8.82%,00,buy,buy,buy,14:59:58,137.78,17.21%,5.447,-6.20%,-6.63%,161.490,161.490,-4.40%,37278.97,Y,0,0,,-,,N,-,buy,-,27-06-21,178.70,5.26,2.83,12.0%,10.7%,"转债占流动市值比：12.0%
转债占总市值比：10.7%",0.00,601016,sh113051,有效期：-；质押代码：113051,113051；2021-12-27 开始转股,全价：161.490 最后更新：14:59:58
128048,张行转债,sz002839,张家港行,C,5.60,2021-07-08,2019-05-16,2024-11-12,,,,,y,,15,30,0,0.00,,,3.20,109.000,n,130.000,15,30,0,,X,25.000,24.975,AA+,AA+,无担保,,,,szmb,,,128048,128048,1.3831,082839,072839,,N,N,28.880,buy,R,,0.79,N,1807959258.0,1521751142.0,Y,6.10,29139.31,2.01%,00,buy,buy,buy,15:14:03,108.93,17.32%,2.841,-4.51%,-5.25%,127.800,127.800,0.55%,10198.73,Y,0,0,,-,,N,-,buy,-,24-11-12,145.12,7.28,-,26.9%,22.6%,"转债占流动市值比：26.9%
转债占总市值比：22.6%",0.00,002839,sz128048,有效期：-；质押代码：128048,128048；2019-05-16 开始转股,全价：127.800 最后更新：15:14:03
128095,恩捷转债,sz002812,恩捷股份,C,64.92,2021-04-30,2020-08-17,2026-02-11,2024-02-12,,,100.000,y,19.67,30,30,0,0.00,,,11.05,110.000,n,130.000,15,30,30,,X,16.000,4.541,AA,AA,无担保,,,,szmb,,,128095,128095,1.9866,082812,072812,,N,N,77.840,buy,R,,16.02,N,892406822.0,742019714.0,Y,231.00,154872.19,2.26%,00,buy,buy,buy,15:14:03,355.82,17.36%,4.090,-27.41%,-27.82%,417.608,417.608,1.62%,20628.87,Y,0,0,B,-,,N,-,buy,-,26-02-11,434.97,84.40,45.44,0.3%,0.2%,"转债占流动市值比：0.3%
转债占总市值比：0.2%",0.00,002812,sz128095,有效期：-；质押代码：128095,128095；2020-08-17 开始转股,全价：417.608 最后更新：15:14:03
113565,宏辉转债,sh603336,宏辉果蔬,C,7.64,2021-05-17,2020-09-03,2026-02-25,2024-02-26,,,100.000,y,63.74,30,30,0,0.00,,,37.66,112.000,n,130.000,15,30,0,,X,3.320,2.253,AA-,AA-,公司实际控制人担保,,,,shmb,,,113565,113565,1.4730,753336,754336,,N,N,80.610,buy,,,3.40,N,438679917.0,438679917.0,Y,8.39,13207.55,1.08%,00,buy,buy,buy,14:59:58,109.82,17.43%,4.129,-2.22%,-2.95%,128.960,128.960,0.48%,10997.35,Y,0,0,,-,,N,-,buy,-,26-02-25,146.39,9.93,5.35,6.1%,6.1%,"转债占流动市值比：6.1%
转债占总市值比：6.1%",0.00,603336,sh113565,有效期：-；质押代码：113565,113565；2020-09-03 开始转股,全价：128.960 最后更新：14:59:58
113017,吉视转债,sh601929,吉视传媒,C,2.23,2021-12-08,2018-07-03,2023-12-27,2021-12-27,,,100.000,y,67.87,30,30,0,0.00,,,7.14,106.000,n,130.000,15,30,0,,X,15.600,15.589,AA+,AA+,无担保,,,,shmb,,,113017,113017,0.5010,764929,783929,,N,N,3.800,buy,R,,1.02,N,3111176649.0,3111176649.0,Y,2.30,26852.51,-1.29%,00,buy,buy,buy,15:00:00,103.14,17.61%,1.962,-6.01%,-6.68%,121.300,121.300,-0.23%,13473.77,Y,1,1,,-,,N,-,buy,-,23-12-27,138.91,2.90,1.56,21.8%,21.8%,"转债占流动市值比：21.8%
转债占总市值比：21.8%",0.00,601929,sh113017,有效期：-；质押代码：113017,113017；2018-07-03 开始转股,全价：121.300 最后更新：15:00:00
127045,牧原转债,sz002714,牧原股份,C,47.91,,2022-02-21,2027-08-16,2025-08-15,,,100.000,y,56.57,30,30,0,0.00,,,2.26,107.000,n,130.000,15,30,0,,X,95.500,95.500,AA+,AA+,无,,,,szmb,,,未到转股期,127045,1.8145,082714,072714,,N,N,84.360,buy,R,,5.55,Y,5262358594.0,3550082854.0,Y,59.28,389294.13,5.35%,00,buy,buy,buy,15:14:03,123.73,17.68%,5.600,-4.78%,-5.11%,145.605,145.605,4.00%,31129.09,Y,0,0,,-,,N,-,buy,-,27-08-16,163.28,62.28,33.54,4.5%,3.1%,"转债占流动市值比：4.5%
转债占总市值比：3.1%",0.00,002714,sz127045,有效期：-；质押代码：127045,未到转股期；2022-02-21 开始转股,全价：145.605 最后更新：15:14:03
127020,中金转债,sz000060,中金岭南,C,4.63,2021-06-18,2021-01-25,2026-07-19,2024-07-22,,,100.000,y,65.47,30,30,0,0.00,,,0.40,110.000,n,130.000,15,30,0,,X,38.000,34.279,AA+,AA+,无担保,,,,szmb,,,127020,127020,1.0645,080060,070060,,N,N,55.990,buy,R,,1.38,N,3650034613.0,3648835938.0,Y,4.95,16840.38,0.20%,00,buy,buy,buy,15:14:03,106.91,17.73%,4.523,-2.29%,-2.81%,125.871,125.871,-0.26%,1713.49,Y,0,0,,-,,N,-,buy,-,26-07-19,143.60,6.02,3.24,19.0%,19.0%,"转债占流动市值比：19.0%
转债占总市值比：19.0%",0.00,000060,sz127020,有效期：-；质押代码：127020,127020；2021-01-25 开始转股,全价：125.871 最后更新：15:14:03
113577,春秋转债,sh603890,春秋电子,C,10.85,2021-09-03,2020-10-20,2026-04-13,2024-04-15,,,100.000,y,56.98,30,30,0,0.00,,,12.87,112.000,n,130.000,15,30,0,,X,2.400,1.778,AA-,AA-,股份质押担保和保证,,,,shmb,,,113577,113577,0.8750,753890,754890,,N,N,71.240,buy,R,,2.33,N,439175264.0,387107945.0,Y,13.33,7993.84,1.76%,00,buy,buy,buy,14:59:51,122.86,17.81%,4.258,-4.84%,-5.51%,144.740,144.740,0.47%,3307.80,Y,0,0,,-,,N,-,buy,-,26-04-13,162.55,14.11,7.59,3.4%,3.0%,"转债占流动市值比：3.4%
转债占总市值比：3.0%",0.00,603890,sh113577,有效期：-；质押代码：113577,113577；2020-10-20 开始转股,全价：144.740 最后更新：14:59:51
123098,一品转债,sz300723,一品红,C,25.48,2021-08-25,2021-08-03,2027-01-27,2025-01-27,,,100.000,y,50.70,30,30,0,0.00,,,8.15,118.000,n,130.000,15,30,0,,N,4.800,4.236,AA-,AA-,无担保,,,,szcy,2022年1月5日公告：本次（2021年11月24日至2021年1月5日）不提前赎回，至2022年7月5日均不提前赎回,,123098,123098,3.0423,380723,370723,,N,N,85.150,buy,,,5.80,N,288034274.0,124345043.0,Y,35.18,8027.58,1.09%,00,buy,buy,buy,15:14:03,138.07,18.52%,5.049,-5.45%,-6.18%,163.644,163.644,2.10%,5598.45,Y,0,0,G,-,,N,-,buy,-,27-01-27,182.16,33.12,17.84,9.7%,4.2%,"转债占流动市值比：9.7%
转债占总市值比：4.2%",0.00,300723,sz123098,有效期：-；质押代码：123098,123098；2021-08-03 开始转股,全价：163.644 最后更新：15:14:03
128033,迪龙转债,sz002658,雪迪龙,C,8.56,2021-10-19,2018-07-03,2023-12-27,2021-12-27,,,100.000,y,64.78,30,30,0,0.00,,,63.92,106.000,n,130.000,15,30,0,,X,5.200,2.977,AA,AA,无担保,,,,szmb,,,128033,128033,0.8596,082658,072658,,N,N,70.040,buy,,,2.32,N,630057171.0,332754681.0,Y,9.25,22118.78,6.81%,00,buy,buy,buy,15:14:03,108.06,18.54%,1.962,-8.60%,-9.25%,128.100,128.100,2.23%,24463.95,Y,1,1,,-,,N,-,buy,-,23-12-27,146.64,11.13,5.99,9.7%,5.1%,"转债占流动市值比：9.7%
转债占总市值比：5.1%",0.00,002658,sz128033,有效期：-；质押代码：128033,128033；2018-07-03 开始转股,全价：128.100 最后更新：15:14:03
128076,金轮转债,sz002722,金轮股份,C,14.66,2021-05-31,2020-04-20,2025-10-14,2023-10-13,,,100.000,y,62.04,30,30,0,0.00,,,42.19,110.000,n,130.000,15,30,0,,X,2.140,2.138,AA-,AA-,无担保,,,,szmb,,,128076,128076,1.2196,082722,072722,,N,N,37.890,buy,,,1.45,N,175478558.0,175462283.0,Y,16.54,9825.97,4.49%,00,buy,buy,buy,15:14:03,112.82,18.59%,3.762,-4.17%,-4.81%,133.800,133.800,2.64%,12043.07,Y,0,0,,-,,N,-,buy,-,25-10-14,152.39,19.06,10.26,7.4%,7.4%,"转债占流动市值比：7.4%
转债占总市值比：7.4%",0.00,002722,sz128076,有效期：-；质押代码：128076,128076；2020-04-20 开始转股,全价：133.800 最后更新：15:14:03
127049,希望转2,sz000876,新希望,C,14.45,,2022-05-09,2027-11-01,2025-11-03,,,100.000,y,54.94,30,30,0,0.86,2022-01-11,2022-01-11,3.23,107.000,n,130.000,15,30,0,,X,81.500,81.500,AAA,AAA,无,,,,szmb,,,未到转股期,127049,1.8400,080876,070876,,N,N,72.271,-,R,,2.40,N,4505211342.0,4325422589.0,Y,18.41,271119.99,9.00%,00,buy,buy,buy,15:14:03,127.40,18.75%,5.811,-5.23%,-5.55%,151.290,151.290,3.59%,39569.60,Y,0,0,,-,,N,-,buy,-,27-11-01,170.04,18.79,10.12,10.2%,9.8%,"转债占流动市值比：10.2%
转债占总市值比：9.8%",0.00,000876,sz127049,有效期：2022-01-11 到 2022-01-11；质押代码：127049,未到转股期；2022-05-09 开始转股,全价：151.290 最后更新：15:14:03
123060,苏试转债,sz300416,苏试试验,C,18.28,2021-04-21,2021-01-27,2026-07-20,2024-07-22,,,100.000,y,42.53,30,30,0,0.00,,,12.12,112.000,n,130.000,15,30,0,,N,3.100,3.097,AA-,AA-,无担保,,,,szcy,2021年11月5日公告：本次（2021年10月18日至2021年11月5日）不行使提前赎回权利，至2022年5月5日均不提前赎回,,123060,123060,1.5243,380416,370416,,N,N,75.120,buy,,,7.42,N,263741656.0,261781906.0,Y,30.09,23152.37,-3.59%,00,buy,buy,buy,15:14:03,164.61,18.77%,4.526,-10.87%,-11.43%,195.500,195.500,-3.30%,7417.20,Y,0,0,G,-,,N,-,buy,-,26-07-20,214.27,23.76,12.80,3.9%,3.9%,"转债占流动市值比：3.9%
转债占总市值比：3.9%",0.00,300416,sz123060,有效期：-；质押代码：123060,123060；2021-01-27 开始转股,全价：195.500 最后更新：15:14:03
123050,聚飞转债,sz300303,聚飞光电,C,5.08,2021-06-30,2020-10-20,2026-04-13,2024-04-15,,,100.000,y,55.39,30,30,0,0.00,,,6.44,118.000,n,130.000,15,30,0,,X,7.050,3.746,AA-,AA-,无担保,,,,szcy,,,123050,123050,0.5513,380303,370303,,N,N,43.220,buy,,,3.05,N,1342588701.0,1223105685.0,Y,6.42,25503.88,-1.23%,00,buy,buy,buy,15:14:03,126.38,19.18%,4.258,-4.59%,-5.47%,150.616,150.616,-0.59%,3631.49,Y,0,0,,-,,N,-,buy,-,26-04-13,169.80,6.60,3.56,4.8%,4.3%,"转债占流动市值比：4.8%
转债占总市值比：4.3%",0.00,300303,sz123050,有效期：-；质押代码：123050,123050；2020-10-20 开始转股,全价：150.616 最后更新：15:14:03
110061,川投转债,sh600674,川投能源,C,9.20,2021-07-15,2020-05-15,2025-11-10,2023-11-10,,,100.000,y,54.58,30,30,0,1.02,2022-01-11,2022-01-11,0.89,106.000,n,130.000,15,30,0,,N,40.000,39.616,AAA,AAA,无担保,,,,shmb,2021年9月28日公告：本次（2021年9月6日至2021年9月28日）期间不行使提前赎回权利，至2022年9月28日均不提前赎回,,110061,110061,0.9080,704674,733674,,N,N,81.590,buy,R,,1.66,N,4406155440.0,4406155440.0,Y,11.80,8879.55,0.77%,00,buy,buy,buy,14:59:52,128.26,19.20%,3.836,-8.29%,-8.72%,152.890,152.890,-0.08%,5355.74,Y,0,0,G,-,,N,-,buy,-,25-11-10,172.09,11.96,6.44,7.6%,7.6%,"转债占流动市值比：7.6%
转债占总市值比：7.6%",0.00,600674,sh110061,有效期：2022-01-11 到 2022-01-11；质押代码：110061,110061；2020-05-15 开始转股,全价：152.890 最后更新：14:59:52
110063,鹰19转债,sh600567,山鹰国际,C,3.26,2021-07-05,2020-06-19,2025-12-12,2023-12-12,,,100.000,y,67.51,30,30,0,0.00,,,0.48,111.000,n,130.000,15,30,0,,X,18.600,18.092,AA+,AA+,无担保,,,,shmb,,,110063,110063,0.4120,704567,733567,,N,N,31.650,buy,R,,0.94,N,4616166707.0,4616166707.0,Y,3.38,14606.58,0.30%,00,buy,buy,buy,14:59:41,103.68,19.48%,3.923,-1.82%,-2.50%,123.880,123.880,-0.77%,1070.97,Y,0,0,,-,,N,-,buy,-,25-12-12,143.36,4.24,2.28,11.6%,11.6%,"转债占流动市值比：11.6%
转债占总市值比：11.6%",0.00,600567,sh110063,有效期：-；质押代码：110063,110063；2020-06-19 开始转股,全价：123.880 最后更新：14:59:41
128097,奥佳转债,sz002614,奥佳华,C,10.39,2021-04-30,2020-09-02,2026-02-25,2024-02-26,,,100.000,y,54.03,30,30,0,0.00,,,12.64,110.000,n,130.000,15,30,1,,X,12.000,4.586,AA-,AA-,无担保,,,,szmb,,,128097,128097,2.1380,082614,072614,,N,N,75.270,buy,,,1.78,N,630693012.0,448080169.0,Y,13.46,13366.13,-0.88%,00,buy,buy,buy,15:14:03,129.55,19.48%,4.129,-7.10%,-7.67%,154.780,154.780,0.83%,8884.66,Y,0,0,,-,,N,-,buy,-,26-02-25,174.26,13.51,7.27,7.6%,5.4%,"转债占流动市值比：7.6%
转债占总市值比：5.4%",0.00,002614,sz128097,有效期：-；质押代码：128097,128097；2020-09-02 开始转股,全价：154.780 最后更新：15:14:03
113016,小康转债,sh601127,小康股份,C,16.96,2021-07-05,2018-05-11,2023-11-06,2021-11-06,,,100.000,y,22.56,30,30,0,0.00,,,55.31,106.000,n,130.000,15,30,0,,N,15.000,2.070,AA-,AA-,无担保,,,,shmb,2021年4月2日公告：本次不行使提前赎回权利，不提前赎回；至2022年4月2日均不提前赎回,,113016,113016,1.6490,764127,783127,,N,N,89.391,buy,R,,9.88,N,1359932415.0,1032551463.0,Y,52.63,50000.11,0.13%,00,buy,buy,buy,14:59:58,310.32,19.49%,1.822,-,-,370.810,370.810,1.74%,42230.79,Y,1,1,G,-,,N,-,buy,-,23-11-06,390.30,22.05,11.87,0.4%,0.3%,"转债占流动市值比：0.4%
转债占总市值比：0.3%",0.00,601127,sh113016,有效期：-；质押代码：113016,113016；2018-05-11 开始转股,全价：370.810 最后更新：14:59:58
123048,应急转债,sz300527,中船应急,C,8.88,2021-07-21,2020-10-16,2026-04-09,2024-04-09,,,100.000,y,58.42,30,30,0,0.00,,,23.26,108.000,n,130.000,15,30,0,,X,8.190,3.792,AA+,AA+,无担保,,,,szcy,,,123048,123048,0.8961,380527,370527,,N,N,13.090,buy,R,,3.75,N,963211158.0,963205358.0,Y,10.64,39758.72,2.80%,00,buy,buy,buy,15:14:03,119.82,19.51%,4.247,-5.57%,-6.07%,143.199,143.199,1.06%,12633.24,Y,0,0,,-,,N,-,buy,-,26-04-09,162.71,11.54,6.22,3.7%,3.7%,"转债占流动市值比：3.7%
转债占总市值比：3.7%",0.00,300527,sz123048,有效期：-；质押代码：123048,123048；2020-10-16 开始转股,全价：143.199 最后更新：15:14:03
113579,健友转债,sh603707,健友股份,C,32.20,2021-07-15,2020-10-29,2026-04-22,2024-04-22,,,100.000,y,60.62,30,30,0,0.00,,,2.72,109.000,n,130.000,15,30,3,,X,5.030,5.023,AA,AA,无担保,,,,shmb,,,113579,113579,0.7000,753707,754707,,N,N,89.020,buy,R,,10.39,N,1243600220.0,1240854555.0,Y,37.18,14241.28,0.57%,00,buy,buy,buy,14:59:44,115.47,19.56%,4.282,-4.48%,-5.02%,138.050,138.050,0.41%,1885.26,Y,0,0,,-,,N,-,buy,-,26-04-22,157.61,41.86,22.54,1.1%,1.1%,"转债占流动市值比：1.1%
转债占总市值比：1.1%",0.00,603707,sh113579,有效期：-；质押代码：113579,113579；2020-10-29 开始转股,全价：138.050 最后更新：14:59:44
123022,长信转债,sz300088,长信科技,C,6.05,2021-06-17,2019-09-23,2025-03-18,2023-03-18,,,100.000,y,35.44,30,30,0,0.00,,,46.18,110.000,n,130.000,15,30,12,,X,12.300,2.564,AA,AA,无担保,,,,szcy,,,123022,123022,0.5350,380088,370088,,N,N,42.700,buy,R,,3.87,N,2454887088.0,2442659856.0,Y,11.95,114080.98,-3.47%,00,buy,buy,buy,15:14:03,197.52,19.58%,3.186,-20.69%,-21.27%,236.197,236.197,-0.58%,28174.94,Y,0,0,,-,,N,-,buy,-,25-03-18,255.78,7.87,4.24,0.9%,0.9%,"转债占流动市值比：0.9%
转债占总市值比：0.9%",0.00,300088,sz123022,有效期：-；质押代码：123022,123022；2019-09-23 开始转股,全价：236.197 最后更新：15:14:03
128143,锋龙转债,sz002931,锋龙股份,C,12.73,2021-06-08,2021-07-14,2027-01-07,2025-01-07,,,100.000,y,64.34,30,30,0,0.00,,,2.98,115.000,n,130.000,15,30,0,,X,2.450,2.444,A+,A+,股票质押担保,,,,szmb,,,128143,128143,1.7228,082931,072931,,N,N,80.170,buy,,,3.95,N,199140144.0,178663130.0,Y,13.85,2357.65,0.80%,00,buy,buy,buy,15:14:03,108.80,19.72%,4.995,-1.46%,-2.17%,130.250,130.250,0.35%,944.04,Y,0,0,,-,,N,-,buy,-,27-01-07,149.97,16.55,8.91,9.9%,8.9%,"转债占流动市值比：9.9%
转债占总市值比：8.9%",0.00,002931,sz128143,有效期：-；质押代码：128143,128143；2021-07-14 开始转股,全价：130.250 最后更新：15:14:03
113011,光大转债,sh601818,光大银行,C,3.55,2021-07-21,2017-09-18,2023-03-17,,,,,n,,0,0,0,0.75,2022-01-11,2022-01-11,0.84,105.000,n,130.000,15,30,0,,X,300.000,241.980,AAA,AAA,无担保,,,,shmb,,,113011,113011,0.7530,764818,783818,4,N,N,,buy,R,,0.39,Y,54031918195.0,41353182695.0,Y,3.41,51624.25,0.59%,00,buy,buy,buy,14:59:38,96.06,19.76%,1.181,-6.18%,-7.19%,115.040,115.040,0.57%,23368.49,Y,0,0,,-,,N,-,buy,-,23-03-17,134.80,4.62,-,17.2%,13.1%,"转债占流动市值比：17.2%
转债占总市值比：13.1%",0.00,601818,sh113011,有效期：2022-01-11 到 2022-01-11；质押代码：113011,113011；2017-09-18 开始转股,全价：115.040 最后更新：14:59:38
110058,永鼎转债,sh600105,永鼎股份,C,5.04,2020-07-13,2019-10-22,2025-04-15,2023-04-17,,,100.000,y,66.32,30,30,0,0.00,,,11.64,110.000,n,130.000,15,30,0,,X,9.800,2.611,AA-,AA-,无担保,,,,shmb,,,110058,110058,0.7820,704105,733105,,N,N,49.990,buy,R,,2.63,N,1411054063.0,1380910263.0,Y,5.32,19914.53,2.70%,00,buy,buy,buy,14:59:51,105.56,19.85%,3.263,-3.12%,-3.88%,126.510,126.510,0.10%,3854.12,Y,1,1,,-,,N,-,buy,-,25-04-15,146.36,6.55,3.53,3.6%,3.5%,"转债占流动市值比：3.6%
转债占总市值比：3.5%",0.00,600105,sh110058,有效期：-；质押代码：110058,110058；2019-10-22 开始转股,全价：126.510 最后更新：14:59:51
110081,闻泰转债,sh600745,闻泰科技,C,96.67,,2022-02-03,2027-07-27,2025-07-28,,,100.000,y,54.89,30,30,0,0.00,,,2.64,108.000,n,130.000,15,30,0,,X,86.000,86.000,AA+,AA+,无,,,,shmb,,,未到转股期,110081,6.9070,704745,733745,,N,N,55.670,buy,R,,4.67,N,1246210166.0,936607734.0,Y,123.28,117598.21,-0.37%,00,buy,buy,buy,14:59:56,127.53,20.27%,5.545,-5.58%,-5.94%,153.380,153.380,-1.50%,34818.62,Y,0,0,,-,,N,-,buy,-,27-07-27,173.65,125.67,67.67,7.4%,5.6%,"转债占流动市值比：7.4%
转债占总市值比：5.6%",0.00,600745,sh110081,有效期：-；质押代码：110081,未到转股期；2022-02-03 开始转股,全价：153.380 最后更新：14:59:56
110043,无锡转债,sh600908,无锡银行,C,5.61,2021-07-06,2018-08-05,2024-01-30,,,,,y,,15,30,0,0.00,,,3.66,106.000,n,130.000,15,30,0,,X,30.000,29.214,AA+,AA+,无担保,,,,shmb,,,110043,110043,1.6230,704908,733908,,N,N,37.110,buy,,,0.71,N,1861675522.0,1763699985.0,Y,5.85,15944.09,1.04%,00,buy,buy,buy,14:59:32,104.28,20.44%,2.055,-7.05%,-7.74%,125.590,125.590,0.89%,13334.51,Y,2,2,,-,,N,-,buy,-,24-01-30,146.03,7.29,-,28.3%,26.8%,"转债占流动市值比：28.3%
转债占总市值比：26.8%",0.00,600908,sh110043,有效期：-；质押代码：110043,110043；2018-08-05 开始转股,全价：125.590 最后更新：14:59:32
127005,长证转债,sz000783,长江证券,C,7.13,2021-07-20,2018-09-17,2024-03-12,,,,,y,,15,30,0,0.84,2022-01-11,2022-01-11,0.43,105.000,n,130.000,15,30,0,,X,50.000,49.965,AAA,AAA,无担保,,,,szmb,,,127005,127005,0.9042,080783,070783,,N,N,50.330,buy,R,,1.38,N,5529950496.0,5529950496.0,Y,7.58,25195.81,-0.39%,00,buy,buy,buy,15:14:03,106.31,20.51%,2.170,-7.59%,-8.23%,128.112,128.112,0.20%,2776.20,Y,0,0,,-,,N,-,buy,-,24-03-12,148.62,9.27,-,11.9%,11.9%,"转债占流动市值比：11.9%
转债占总市值比：11.9%",0.00,000783,sz127005,有效期：2022-01-11 到 2022-01-11；质押代码：127005,127005；2018-09-17 开始转股,全价：128.112 最后更新：15:14:03
123087,明电转债,sz300739,明阳电路,C,16.32,2021-05-24,2021-06-21,2026-12-14,2025-12-15,,,100.000,y,55.64,30,30,0,0.00,,,5.68,115.000,n,130.000,15,30,0,,X,6.730,4.189,AA-,AA-,无担保,,,,szcy,,,123087,123087,2.4094,380739,370739,,N,N,84.410,buy,R,,3.03,N,294756807.0,288240707.0,Y,17.60,5988.71,1.38%,00,buy,buy,buy,15:14:03,107.84,20.56%,4.929,-1.51%,-2.21%,130.020,130.020,0.74%,3084.68,Y,1,1,,-,,N,-,buy,-,26-12-14,150.58,21.22,9.79,8.3%,8.1%,"转债占流动市值比：8.3%
转债占总市值比：8.1%",0.00,300739,sz123087,有效期：-；质押代码：123087,123087；2021-06-21 开始转股,全价：130.020 最后更新：15:14:03
128137,洁美转债,sz002859,洁美科技,C,27.63,2021-06-03,2021-05-10,2026-11-03,2024-11-04,,,100.000,y,56.22,30,30,0,0.00,,,0.88,112.000,n,130.000,15,30,0,,N,6.000,5.994,AA-,AA-,,,,,szmb,2021年12月28日公告：本次（2021年11月16日至2021年12月27日）不提前赎回，至2022年6月27日均不提前赎回,,128137,128137,1.4645,082859,072859,,N,N,81.230,buy,,,6.80,N,410020847.0,402836495.0,Y,34.40,11062.44,0.58%,00,buy,buy,buy,15:14:03,124.50,20.56%,4.816,-5.14%,-5.71%,150.100,150.100,0.04%,783.16,Y,0,0,G,-,,N,-,buy,-,26-11-03,170.66,35.92,19.34,4.3%,4.2%,"转债占流动市值比：4.3%
转债占总市值比：4.2%",0.00,002859,sz128137,有效期：-；质押代码：128137,128137；2021-05-10 开始转股,全价：150.100 最后更新：15:14:03
123129,锦鸡转债,sz300798,锦鸡股份,C,9.53,,2022-05-10,2027-11-03,2025-11-03,,,100.000,y,57.12,30,30,0,0.00,,,0.86,112.000,n,120.000,20,30,0,,X,6.000,6.000,AA-,AA-,无,,,,szcy,,,未到转股期,123129,1.4362,380798,370798,,N,N,32.210,-,,,3.35,N,417748945.0,210221808.0,Y,10.01,2475.70,1.73%,00,buy,buy,buy,15:14:03,105.04,20.75%,5.816,-1.28%,-1.81%,126.830,126.830,0.26%,655.70,Y,0,0,,-,,N,-,buy,-,27-11-03,147.58,11.44,5.72,28.5%,14.3%,"转债占流动市值比：28.5%
转债占总市值比：14.3%",0.00,300798,sz123129,有效期：-；质押代码：123129,未到转股期；2022-05-10 开始转股,全价：126.830 最后更新：15:14:03
128029,太阳转债,sz002078,太阳纸业,C,8.45,2021-07-08,2018-06-28,2022-12-22,2020-12-22,,,100.000,y,49.17,30,30,0,0.00,,,1.93,106.000,n,130.000,15,30,0,,N,12.000,9.086,AA+,AA+,无担保,,,,szmb,2022年1月1日公告：本次不提前赎回，至存续期结束前（即2022年12月22日前）均不行使提前赎回权利,,128029,128029,0.4628,082078,072078,,N,N,73.570,buy,R,,1.69,N,2687002843.0,2612712093.0,Y,12.03,33869.19,1.01%,00,buy,buy,buy,15:14:03,142.37,20.81%,0.948,-40.47%,-41.21%,171.988,171.988,1.35%,2993.06,Y,0,0,G,-,,N,-,buy,-,22-12-22,192.80,10.98,5.92,2.9%,2.8%,"转债占流动市值比：2.9%
转债占总市值比：2.8%",0.00,002078,sz128029,有效期：-；质押代码：128029,128029；2018-06-28 开始转股,全价：171.988 最后更新：15:14:03
118000,嘉元转债,sh688388,嘉元科技,C,78.74,2021-05-06,2021-09-01,2027-02-22,2025-02-24,,,100.000,y,47.20,30,30,0,0.00,,,10.51,115.000,n,130.000,15,30,10,,X,12.400,9.789,AA-,AA-,无,,,,shkc,,,118000,118000,5.3700,726388,718388,,N,N,70.922,buy,R,,8.58,N,234191983.0,170867583.0,Y,116.77,42424.92,1.78%,00,buy,buy,buy,14:59:59,148.30,20.87%,5.121,-7.52%,-8.14%,179.250,179.250,1.37%,18334.51,Y,0,0,,-,,N,-,buy,-,27-02-22,200.12,102.36,55.12,4.9%,3.6%,"转债占流动市值比：4.9%
转债占总市值比：3.6%",0.00,688388,sh118000,有效期：-；质押代码：118000,118000；2021-09-01 开始转股,全价：179.250 最后更新：14:59:59
128109,楚江转债,sz002171,楚江新材,C,8.63,2021-05-31,2020-12-10,2026-06-03,2024-06-03,,,100.000,y,50.98,30,30,0,0.00,,,1.28,110.000,n,130.000,15,30,0,,N,18.300,18.226,AA,AA,无担保,,,,szmb,2021年11月30日公告：本次不行使楚江转债的提前赎回权利，至2022年11月29日均不提前赎回,,128109,128109,1.4176,082171,072171,,N,N,78.850,buy,R,,2.61,N,1334530042.0,1244685323.0,Y,11.85,23832.80,-0.59%,00,buy,buy,buy,15:14:03,137.31,20.92%,4.397,-8.18%,-8.70%,166.041,166.041,0.02%,3883.62,Y,0,0,G,-,,N,-,buy,-,26-06-03,186.96,11.22,6.04,12.4%,11.5%,"转债占流动市值比：12.4%
转债占总市值比：11.5%",0.00,002171,sz128109,有效期：-；质押代码：128109,128109；2020-12-10 开始转股,全价：166.041 最后更新：15:14:03
110047,山鹰转债,sh600567,山鹰国际,C,3.30,2021-07-05,2019-05-27,2024-11-21,2022-11-21,,,100.000,y,68.34,30,30,0,0.00,,,0.87,113.000,n,130.000,15,30,0,,X,23.000,22.455,AA+,AA+,无担保,,,,shmb,,,110047,110047,0.5030,704567,733567,,N,N,14.080,buy,R,,0.94,N,4616166707.0,4616166707.0,Y,3.38,14606.58,0.30%,00,buy,buy,buy,14:59:46,102.42,20.94%,2.866,-2.15%,-3.13%,123.870,123.870,-0.06%,2399.45,Y,0,0,,-,,N,-,buy,-,24-11-21,144.81,4.29,2.31,14.4%,14.4%,"转债占流动市值比：14.4%
转债占总市值比：14.4%",0.00,600567,sh110047,有效期：-；质押代码：110047,110047；2019-05-27 开始转股,全价：123.870 最后更新：14:59:46
128134,鸿路转债,sz002541,鸿路钢构,C,43.51,2021-06-09,2021-04-15,2026-10-08,2024-10-08,,,100.000,y,55.14,30,30,0,0.00,,,3.24,110.000,n,130.000,15,30,1,,X,18.800,15.728,AA,AA,无担保,,,,szmb,,,128134,128134,3.5897,082541,072541,,N,N,82.450,buy,,,4.23,N,530777158.0,378273361.0,Y,55.24,29942.19,-2.54%,00,buy,buy,buy,15:14:03,126.96,21.06%,4.745,-6.06%,-6.57%,153.700,153.700,-1.73%,7888.59,Y,0,0,,-,,N,-,buy,-,26-10-08,174.76,56.56,30.46,7.5%,5.4%,"转债占流动市值比：7.5%
转债占总市值比：5.4%",0.00,002541,sz128134,有效期：-；质押代码：128134,128134；2021-04-15 开始转股,全价：153.700 最后更新：15:14:03
128066,亚泰转债,sz002811,郑中设计,C,9.27,2021-06-15,2019-10-23,2025-04-17,2023-04-17,,,100.000,y,71.15,30,30,0,0.00,,,1.58,112.000,n,130.000,15,30,0,,X,4.800,4.798,AA-,AA-,"连带责任保证,保证人深圳市亚泰一兆投资有限公司",,,,szmb,,,128066,128066,2.6666,082811,072811,,N,N,77.910,buy,,,1.61,N,270023688.0,239078995.0,Y,9.12,1286.63,1.33%,00,buy,buy,buy,15:14:03,98.38,21.24%,3.268,-0.68%,-1.57%,119.279,119.279,-0.06%,899.30,Y,1,1,,-,,N,-,buy,-,25-04-17,140.52,12.05,6.49,22.0%,19.5%,"转债占流动市值比：22.0%
转债占总市值比：19.5%",0.00,002811,sz128066,有效期：-；质押代码：128066,128066；2019-10-23 开始转股,全价：119.279 最后更新：15:14:03
128090,汽模转2,sz002510,天汽模,C,4.23,2021-06-30,2020-07-03,2025-12-27,2023-12-27,,,100.000,y,65.95,30,30,0,0.00,,,4.52,110.000,n,130.000,15,30,0,,X,4.710,3.100,AA-,AA-,无担保,,,,szmb,,,128090,128090,0.5114,082510,072510,,N,N,41.350,buy,,,2.01,N,941616619.0,931317168.0,Y,4.49,9430.08,-0.22%,00,buy,buy,buy,15:14:03,106.15,21.34%,3.964,-3.02%,-3.63%,128.800,128.800,-0.16%,1805.47,Y,0,0,,-,,N,-,buy,-,25-12-27,150.14,5.50,2.96,7.4%,7.3%,"转债占流动市值比：7.4%
转债占总市值比：7.3%",0.00,002510,sz128090,有效期：-；质押代码：128090,128090；2020-07-03 开始转股,全价：128.800 最后更新：15:14:03
127036,三花转债,sz002050,三花智控,C,21.55,,2021-12-07,2027-05-31,2025-06-02,,,100.000,y,59.72,30,30,0,0.00,,,0.68,110.000,n,130.000,15,30,0,,X,30.000,29.994,AA+,AA+,无,,,,szmb,,,127036,127036,0.8375,082050,072050,,N,N,74.078,buy,R,,8.45,N,3591251288.0,3540901127.0,Y,25.26,46795.14,1.41%,00,buy,buy,buy,15:14:03,117.22,21.47%,5.389,-4.02%,-4.47%,142.377,142.377,0.34%,2898.54,Y,0,0,,-,,N,-,buy,-,27-05-31,163.85,28.02,15.09,3.4%,3.3%,"转债占流动市值比：3.4%
转债占总市值比：3.3%",0.00,002050,sz127036,有效期：-；质押代码：127036,127036；2021-12-07 开始转股,全价：142.377 最后更新：15:14:03
113600,新星转债,sh603978,深圳新星,C,23.85,,2021-02-19,2026-08-12,2024-08-12,,,100.000,y,64.06,30,30,0,0.00,,,3.31,120.000,n,130.000,15,30,0,,N,5.950,4.533,AA-,AA-,股份质押担保,,,,shmb,2021年11月6日公告：本次（2021年10月8日至2021年11月5日）不行使提前赎回权利，至2022年2月6日均不提前赎回,,113600,113600,3.7180,753978,754978,,N,N,75.984,buy,,,2.59,N,165939476.0,165939476.0,Y,26.06,4214.86,1.16%,00,buy,buy,buy,15:00:00,109.27,21.48%,4.589,-1.22%,-2.12%,132.740,132.740,0.25%,1992.28,Y,0,0,G,-,,N,-,buy,-,26-08-12,154.22,31.00,16.70,10.5%,10.5%,"转债占流动市值比：10.5%
转债占总市值比：10.5%",0.00,603978,sh113600,有效期：-；质押代码：113600,113600；2021-02-19 开始转股,全价：132.740 最后更新：15:00:00
128037,岩土转债,sz002542,中化岩土,C,3.10,2021-07-07,2018-09-21,2024-03-15,2022-03-15,,,100.000,y,70.92,30,30,0,0.00,,,2.22,108.000,n,130.000,15,30,0,,X,6.037,6.028,AA,AA,无担保,,,,szmb,,,128037,128037,0.3333,082542,072542,,N,N,13.370,buy,,,1.34,N,1805339752.0,1498193375.0,Y,3.06,6444.31,0.99%,00,buy,buy,buy,15:14:03,98.71,21.55%,2.178,-3.46%,-4.36%,119.980,119.980,0.57%,1598.51,Y,1,1,,-,,N,-,buy,-,24-03-15,141.53,4.03,2.17,13.1%,10.9%,"转债占流动市值比：13.1%
转债占总市值比：10.9%",0.00,002542,sz128037,有效期：-；质押代码：128037,128037；2018-09-21 开始转股,全价：119.980 最后更新：15:14:03
113601,塞力转债,sh603716,塞力医疗,C,16.98,,2021-03-01,2026-08-20,2024-08-20,,,100.000,y,67.30,30,30,0,0.00,,,133.88,115.000,n,130.000,15,30,0,,X,5.430,5.429,AA-,AA-,无担保,,,,shmb,,,113601,113601,2.7390,753716,754716,,N,N,67.160,buy,,,2.24,N,205018993.0,201323345.0,Y,17.66,56267.58,10.03%,00,buy,buy,buy,15:00:00,104.00,21.59%,4.611,-1.01%,-1.77%,126.460,126.460,5.98%,91230.60,Y,0,0,,-,,N,-,buy,-,26-08-20,148.05,22.07,11.89,15.3%,15.0%,"转债占流动市值比：15.3%
转债占总市值比：15.0%",0.00,603716,sh113601,有效期：-；质押代码：113601,113601；2021-03-01 开始转股,全价：126.460 最后更新：15:00:00
127035,濮耐转债,sz002225,濮耐股份,C,4.43,,2021-12-01,2026-05-25,2024-05-27,,,100.000,y,67.27,30,30,0,0.00,,,3.71,108.800,n,130.000,15,30,0,,X,6.264,6.262,AA,AA,无,,,,szmb,,,127035,127035,0.6199,082225,072225,,N,N,31.300,-,,,1.50,N,1010353122.0,812937916.0,Y,4.61,4083.32,1.32%,00,buy,buy,buy,15:14:03,104.06,21.63%,4.373,-2.27%,-2.85%,126.577,126.577,1.75%,2926.81,Y,0,0,,-,,N,-,buy,-,26-05-25,148.21,5.76,3.10,16.7%,13.4%,"转债占流动市值比：16.7%
转债占总市值比：13.4%",0.00,002225,sz127035,有效期：-；质押代码：127035,127035；2021-12-01 开始转股,全价：126.577 最后更新：15:14:03
123082,北陆转债,sz300016,北陆药业,C,8.81,2021-06-29,2021-06-11,2026-12-06,2024-12-06,,,100.000,y,68.29,30,30,0,0.00,,,3.33,115.000,n,130.000,15,30,0,,X,5.000,4.993,A+,A+,无担保,,,,szcy,,,123082,123082,1.0111,380016,370016,,N,N,71.430,buy,,,2.41,N,492717587.0,406759212.0,Y,9.03,9711.24,2.50%,00,buy,buy,buy,15:14:03,102.50,21.86%,4.907,-0.62%,-1.35%,124.900,124.900,0.27%,2080.07,Y,1,1,,-,,N,-,buy,-,26-12-06,146.76,11.45,6.17,13.6%,11.2%,"转债占流动市值比：13.6%
转债占总市值比：11.2%",0.00,300016,sz123082,有效期：-；质押代码：123082,123082；2021-06-11 开始转股,全价：124.900 最后更新：15:14:03
113044,大秦转债,sh601006,大秦铁路,C,7.18,2021-07-08,2021-06-18,2026-12-13,2024-12-13,,,100.000,y,76.85,30,30,0,0.73,2022-01-11,2022-01-11,0.54,108.000,n,120.000,15,30,0,,X,320.000,319.992,AAA,AAA,无担保,,,,shmb,,,113044,113044,2.1520,764006,783006,,N,N,72.460,buy,R,,0.79,N,14866908025.0,14866908025.0,Y,6.54,16124.20,0.46%,00,buy,buy,buy,14:59:57,91.09,21.90%,4.926,0.53%,0.02%,111.030,111.030,-0.08%,19097.60,Y,0,0,,-,,N,-,buy,-,26-12-13,132.93,8.62,5.03,32.9%,32.9%,"转债占流动市值比：32.9%
转债占总市值比：32.9%",0.00,601006,sh113044,有效期：2022-01-11 到 2022-01-11；质押代码：113044,113044；2021-06-18 开始转股,全价：111.030 最后更新：14:59:57
123024,岱勒转债,sz300700,岱勒新材,C,14.10,2021-06-01,2019-09-27,2024-03-21,2022-03-21,,,100.000,y,67.46,30,30,0,0.00,,,2.19,110.000,n,130.000,15,30,0,,X,2.100,2.097,A+,A+,无担保,,,,szcy,,,123024,123024,2.5485,380700,370700,,N,N,55.940,buy,,,3.04,N,107137593.0,77228202.0,Y,14.63,3422.95,4.57%,00,buy,buy,buy,15:14:03,103.76,21.94%,2.195,-5.28%,-6.24%,126.525,126.525,0.35%,581.92,Y,1,1,,-,,N,-,buy,-,24-03-21,148.47,18.33,9.87,18.6%,13.4%,"转债占流动市值比：18.6%
转债占总市值比：13.4%",0.00,300700,sz123024,有效期：-；质押代码：123024,123024；2019-09-27 开始转股,全价：126.525 最后更新：15:14:03
123043,正元转债,sz300645,正元智慧,C,15.38,2021-06-09,2020-09-11,2026-03-04,2024-03-04,,,100.000,y,45.93,30,30,0,0.00,,,216.16,115.000,n,130.000,15,30,11,,X,1.750,1.657,A+,A+,无担保,,,,szcy,,,123043,123043,1.3815,380645,370645,,N,N,48.790,buy,,,4.29,N,127650635.0,127650635.0,Y,23.44,22412.66,-1.55%,00,buy,buy,buy,15:14:03,152.41,21.98%,4.148,-10.06%,-10.79%,185.900,185.900,-3.66%,66685.28,Y,0,0,,-,,N,-,buy,-,26-03-04,207.88,19.99,10.77,5.5%,5.5%,"转债占流动市值比：5.5%
转债占总市值比：5.5%",0.00,300645,sz123043,有效期：-；质押代码：123043,123043；2020-09-11 开始转股,全价：185.900 最后更新：15:14:03
127030,盛虹转债,sz000301,东方盛虹,C,14.10,2021-06-18,2021-09-27,2027-03-21,2025-03-21,,,100.000,y,49.87,30,30,0,0.00,,,1.62,108.000,n,130.000,15,30,0,,N,50.000,49.986,AA+,AA+,无,,,,szmb,2021年9月22日公告，截止9月22日触发本次不赎回，至2022年3月26日前均不提前赎回,,127030,127030,1.0341,080301,070301,,N,N,77.630,buy,R,,4.89,N,4834960195.0,1731913227.0,Y,19.79,97145.81,-3.46%,00,buy,buy,buy,15:14:03,140.35,22.08%,5.195,-7.89%,-8.27%,171.338,171.338,-0.95%,13906.92,Y,0,0,G,-,,N,-,buy,-,27-03-21,193.42,18.33,9.87,14.6%,5.2%,"转债占流动市值比：14.6%
转债占总市值比：5.2%",0.00,000301,sz127030,有效期：-；质押代码：127030,127030；2021-09-27 开始转股,全价：171.338 最后更新：15:14:03
128017,金禾转债,sz002597,金禾实业,C,21.97,2021-05-21,2018-08-07,2023-11-01,2021-11-01,,,100.000,y,35.31,30,30,0,0.00,,,2.64,106.000,n,130.000,15,30,30,,X,6.000,5.519,AA,AA,无担保,,,,szmb,,,128017,128017,1.0633,082597,072597,,N,N,89.139,buy,R,,4.58,N,560913735.0,559486768.0,Y,43.55,34598.25,0.93%,00,buy,buy,buy,15:14:03,198.22,22.08%,1.808,-36.34%,-36.80%,242.000,242.000,0.33%,3515.19,Y,0,0,B,-,,N,-,buy,-,23-11-01,264.08,28.56,15.38,2.3%,2.3%,"转债占流动市值比：2.3%
转债占总市值比：2.3%",0.00,002597,sz128017,有效期：-；质押代码：128017,128017；2018-08-07 开始转股,全价：242.000 最后更新：15:14:03
118002,天合转债,sh688599,天合光能,C,50.51,,2022-02-21,2027-08-12,2025-08-12,,,100.000,y,54.72,30,30,0,0.00,,,3.60,115.000,n,130.000,15,30,0,,X,52.520,52.520,AA,AA,无,,,,shkc,,,未到转股期,118002,2.5400,726599,718599,,N,N,63.350,buy,R,,8.15,N,2068026375.0,1219295285.0,Y,64.61,131532.13,-3.85%,00,buy,buy,buy,15:00:00,127.92,22.14%,5.589,-4.67%,-5.24%,156.240,156.240,-1.26%,29637.40,Y,0,0,,-,,N,-,buy,-,27-08-12,178.38,65.66,35.36,6.7%,3.9%,"转债占流动市值比：6.7%
转债占总市值比：3.9%",0.00,688599,sh118002,有效期：-；质押代码：118002,未到转股期；2022-02-21 开始转股,全价：156.240 最后更新：15:00:00
113593,沪工转债,sh603131,上海沪工,C,21.12,2021-06-10,2021-01-25,2026-07-19,2024-07-22,,,100.000,y,57.08,30,30,0,0.00,,,2.75,115.000,n,130.000,15,30,0,,X,4.000,3.998,A+,A+,公司控股股东舒宏瑞不可撤销的连带责任保证担保,,,,shmb,,,113593,113593,1.2570,753131,754131,,N,N,55.560,buy,,,6.11,N,317982401.0,317982401.0,Y,25.90,8640.34,-0.23%,00,buy,buy,buy,14:59:17,122.63,22.32%,4.523,-4.70%,-5.45%,150.010,150.010,0.72%,1650.71,Y,0,0,,-,,N,-,buy,-,26-07-19,172.33,27.46,14.78,4.9%,4.9%,"转债占流动市值比：4.9%
转债占总市值比：4.9%",0.00,603131,sh113593,有效期：-；质押代码：113593,113593；2021-01-25 开始转股,全价：150.010 最后更新：14:59:17
110075,南航转债,sh600029,南方航空,C,6.24,,2021-04-21,2026-10-14,2024-10-14,,,100.000,y,61.35,30,30,0,0.91,2022-01-11,2022-01-11,1.84,106.500,n,130.000,15,30,0,,X,160.000,58.960,AAA,AAA,无担保,,,,shmb,,,110075,110075,1.4470,704029,733029,,N,N,76.060,buy,R,,1.64,N,16948438028.0,10219858722.0,Y,7.12,35245.93,1.71%,00,buy,buy,buy,14:59:56,114.10,22.35%,4.762,-4.97%,-5.33%,139.600,139.600,-0.48%,15165.40,Y,0,0,,-,,N,-,buy,-,26-10-14,161.95,8.11,4.37,8.1%,4.9%,"转债占流动市值比：8.1%
转债占总市值比：4.9%",0.00,600029,sh110075,有效期：2022-01-11 到 2022-01-11；质押代码：110075,110075；2021-04-21 开始转股,全价：139.600 最后更新：14:59:56
111002,特纸转债,sh605007,五洲特纸,C,18.50,,2022-06-14,2027-12-07,2025-12-08,,,100.000,y,52.64,30,30,0,0.00,,,5.56,112.000,n,130.000,15,30,0,,X,6.700,6.700,AA,AA,无,,,,shmb,,,未到转股期,111002,1.6740,715007,713007,,N,N,91.050,-,,,5.23,N,400010000.0,82360463.0,Y,24.60,7960.11,-0.61%,00,buy,buy,buy,14:59:59,132.97,22.38%,5.910,-5.50%,-5.96%,162.730,162.730,-0.52%,6082.06,Y,0,0,,-,,N,-,buy,-,27-12-07,185.11,24.05,12.95,33.1%,6.8%,"转债占流动市值比：33.1%
转债占总市值比：6.8%",0.00,605007,sh111002,有效期：-；质押代码：111002,未到转股期；2022-06-14 开始转股,全价：162.730 最后更新：14:59:59
128073,哈尔转债,sz002615,哈尔斯,C,5.70,2021-12-31,2020-02-28,2024-08-22,2022-08-22,,,100.000,y,68.56,30,30,0,0.00,,,3.11,112.000,n,130.000,15,30,0,,X,3.000,2.987,AA-,AA-,股份质押的担保方式,,,,szmb,,,128073,128073,0.7309,082615,072615,,N,N,27.880,buy,,,2.66,N,414119070.0,230906045.0,Y,5.82,3782.35,1.57%,00,buy,buy,buy,15:14:03,102.11,22.45%,2.616,-3.34%,-4.29%,125.025,125.025,-0.07%,1161.88,Y,0,0,,-,,N,-,buy,-,24-08-22,147.47,7.41,3.99,22.2%,12.4%,"转债占流动市值比：22.2%
转债占总市值比：12.4%",0.00,002615,sz128073,有效期：-；质押代码：128073,128073；2020-02-28 开始转股,全价：125.025 最后更新：15:14:03
123025,精测转债,sz300567,精测电子,C,49.37,2021-05-28,2019-10-08,2025-03-28,2023-03-29,,,100.000,y,54.13,30,30,0,0.00,,,7.69,112.000,n,130.000,15,30,2,,X,3.750,3.087,AA-,AA-,无担保,,,,szcy,,,123025,123025,2.2919,380567,370567,,N,N,62.670,buy,R,,5.40,N,278143947.0,201520612.0,Y,63.84,45149.16,-0.02%,00,buy,buy,buy,15:14:03,129.31,22.48%,3.214,-9.28%,-10.07%,158.372,158.372,-0.21%,3776.42,Y,0,0,,-,,N,-,buy,-,25-03-28,180.85,64.18,34.56,2.4%,1.7%,"转债占流动市值比：2.4%
转债占总市值比：1.7%",0.00,300567,sz123025,有效期：-；质押代码：123025,123025；2019-10-08 开始转股,全价：158.372 最后更新：15:14:03
128140,润建转债,sz002929,润建股份,C,26.40,2021-06-07,2021-06-15,2026-12-04,2024-12-06,,,100.000,y,53.97,30,30,0,0.00,,,1.63,110.000,n,130.000,15,30,0,,N,10.900,10.897,AA,AA,无担保,,,,szmb,2021年11月25日公告：本次（2021年11月08日至2021年11月24日）不行使提前赎回权利，至2022年12月31日均不提前赎回,,128140,128140,4.9377,082929,072929,,N,N,83.270,buy,,,2.22,N,228728817.0,168506828.0,Y,34.24,7209.55,0.35%,00,buy,buy,buy,15:14:03,129.70,22.50%,4.901,-6.50%,-6.99%,158.880,158.880,-0.45%,2826.22,Y,0,0,G,-,,N,-,buy,-,26-12-04,181.38,34.32,18.48,18.9%,13.9%,"转债占流动市值比：18.9%
转债占总市值比：13.9%",0.00,002929,sz128140,有效期：-；质押代码：128140,128140；2021-06-15 开始转股,全价：158.880 最后更新：15:14:03
128030,天康转债,sz002100,天康生物,C,7.40,2021-12-24,2018-06-28,2023-12-22,2021-12-22,,,100.000,y,42.08,30,30,0,0.00,,,83.47,108.000,n,130.000,15,30,13,,X,10.000,0.876,AA,AA,无担保,,,,szmb,,,128030,128030,1.0380,082100,072100,,N,N,57.690,-,R,,2.96,N,1353856588.0,1076406924.0,Y,12.31,59623.49,7.23%,00,buy,buy,buy,15:14:03,166.35,22.51%,1.948,-27.37%,-28.01%,203.800,203.800,2.93%,14856.57,Y,0,0,,-,,N,-,buy,-,23-12-22,226.31,9.62,5.18,0.7%,0.5%,"转债占流动市值比：0.7%
转债占总市值比：0.5%",0.00,002100,sz128030,有效期：-；质押代码：128030,128030；2018-06-28 开始转股,全价：203.800 最后更新：15:14:03
110048,福能转债,sh600483,福能股份,C,7.85,2021-07-28,2019-06-13,2024-12-06,2022-12-07,,,100.000,y,39.39,30,30,0,0.00,,,12.41,109.000,n,130.000,15,30,0,,N,28.300,12.763,AA+,AA+,无担保,,,,shmb,2021年10月29日公告：本次（2021年10月8日至2021年10月28日）不行使福能转债的提前赎回权利，至2022年1月28日均不提前赎回,,110048,110048,1.8230,704483,733483,,N,N,32.130,buy,R,,1.59,N,1954540075.0,1745999119.0,Y,13.95,17045.92,-1.34%,00,buy,buy,buy,14:59:59,177.71,22.67%,2.907,-20.63%,-21.19%,217.990,217.990,-1.81%,33943.15,Y,0,0,G,-,,N,-,buy,-,24-12-06,240.66,10.21,5.50,5.2%,4.7%,"转债占流动市值比：5.2%
转债占总市值比：4.7%",0.00,600483,sh110048,有效期：-；质押代码：110048,110048；2019-06-13 开始转股,全价：217.990 最后更新：14:59:59
110079,杭银转债,sh600926,杭州银行,C,12.99,2021-08-30,2021-10-08,2027-03-29,,,,,y,,0,0,0,0.83,2022-01-11,2022-01-11,0.73,108.000,n,130.000,15,30,0,,X,150.000,149.993,AAA,AAA,无,,,,shmb,,,110079,110079,2.5290,704926,733926,,N,N,42.340,buy,R,,0.91,Y,5930255051.0,5060452059.0,Y,13.41,44983.01,1.21%,00,buy,buy,buy,14:59:32,103.23,22.98%,5.216,-2.34%,-2.76%,126.960,126.960,0.59%,13790.93,Y,1,1,,-,,N,-,buy,-,27-03-29,149.94,16.89,-,22.1%,18.9%,"转债占流动市值比：22.1%
转债占总市值比：18.9%",0.00,600926,sh110079,有效期：2022-01-11 到 2022-01-11；质押代码：110079,110079；2021-10-08 开始转股,全价：126.960 最后更新：14:59:32
123118,惠城转债,sz300779,惠城环保,C,17.11,,2022-01-13,2027-07-06,2025-07-07,,,100.000,y,69.15,30,30,0,0.00,,,2.25,115.000,n,130.000,15,30,0,,X,3.200,3.200,A+,A+,无,,,,szcy,,,未到转股期,123118,3.2000,380779,370779,,N,N,33.230,-,,,2.43,N,100000000.0,69884304.0,Y,17.32,2206.32,1.88%,00,buy,buy,buy,15:14:03,101.23,23.37%,5.488,-0.48%,-1.15%,124.880,124.880,0.59%,895.24,Y,0,0,,-,,N,-,buy,-,27-07-06,148.25,22.24,11.98,26.4%,18.5%,"转债占流动市值比：26.4%
转债占总市值比：18.5%",0.00,300779,sz123118,有效期：-；质押代码：123118,未到转股期；2022-01-13 开始转股,全价：124.880 最后更新：15:14:03
110074,精达转债,sh600577,精达股份,C,3.73,2021-04-26,2021-02-25,2026-08-18,2024-08-19,,,100.000,y,37.57,30,30,0,0.00,,,24.64,112.000,n,130.000,15,30,0,,N,7.870,5.099,AA,AA,无担保,,,,shmb,2022年1月7日公告：本次（2021年12月16日至2022年1月6日）不提前赎回，至 2022年7月6日均不提前赎回,,110074,110074,0.4090,704577,733577,,N,N,62.152,buy,R,,3.15,N,1995704423.0,1995704423.0,Y,6.95,17504.67,1.02%,00,buy,buy,buy,15:00:00,186.33,23.55%,4.605,-13.89%,-14.40%,230.200,230.200,3.99%,28585.99,Y,0,0,G,-,,N,-,buy,-,26-08-18,253.75,4.85,2.61,3.7%,3.7%,"转债占流动市值比：3.7%
转债占总市值比：3.7%",0.00,600577,sh110074,有效期：-；质押代码：110074,110074；2021-02-25 开始转股,全价：230.200 最后更新：15:00:00
