bond_id,bond_nm,stock_id,stock_nm,btype,convert_price,convert_price_valid_from,convert_dt,maturity_dt,next_put_dt,put_dt,put_notes,put_price,put_inc_cpn_fl,put_convert_price_ratio,put_count_days,put_total_days,put_real_days,repo_discount_rt,repo_valid_from,repo_valid_to,turnover_rt,redeem_price,redeem_inc_cpn_fl,redeem_price_ratio,redeem_count_days,redeem_total_days,redeem_real_days,redeem_dt,redeem_flag,orig_iss_amt,curr_iss_amt,rating_cd,issuer_rating_cd,guarantor,ssc_dt,esc_dt,sc_notes,market_cd,force_redeem,real_force_redeem_price,convert_cd,repo_cd,ration,ration_cd,apply_cd,online_offline_ratio,qflag,qflag2,ration_rt,fund_rt,margin_flg,lt_bps,pb,pb_flag,total_shares,float_shares,sqflg,sprice,svolume,sincrease_rt,qstatus,bond_value,bond_value2,volatility_rate,last_time,convert_value,premium_rt,year_left,ytm_rt,ytm_rt_tax,price,full_price,increase_rt,volume,convert_price_valid,adj_scnt,adj_cnt,redeem_icon,ref_yield_info,adjust_tip,adjusted,option_tip,bond_value3,left_put_year,short_maturity_dt,dblow,force_redeem_price,put_convert_price,convert_amt_ratio,convert_amt_ratio2,convert_amt_ratio_tips,stock_net_value,stock_cd,pre_bond_id,repo_valid,convert_cd_tip,price_tips
127027,靖远转债,sz000552,靖远煤电,C,3.23,2021-06-03,2021-06-16,2026-12-09,2024-12-09,,,100.000,y,52.46,30,30,0,0.00,,,66.19,110.000,n,130.000,15,30,2,,X,28.000,27.992,AA+,AA+,无担保,2021-09-27,2021-10-11,2021年中权益分派股权登记,szmb,,,127027,127027,1.2243,080552,070552,,N,N,35.200,buy,R,,1.18,N,2286971050.0,2283741262.0,Y,4.31,103808.34,1.17%,00,buy,buy,buy,15:14:03,133.44,-4.25%,5.164,-2.01%,-2.52%,127.770,127.770,0.53%,238965.33,Y,0,0,,-,,N,-,buy,-,26-12-09,123.52,4.20,2.26,28.4%,28.4%,"转债占流动市值比：28.4%
转债占总市值比：28.4%",0.00,000552,sz127027,有效期：-；质押代码：127027,127027；2021-06-16 开始转股,全价：127.770 最后更新：15:14:03
110041,蒙电转债,sh600863,内蒙华电,C,2.56,2021-06-25,2018-06-28,2023-12-21,2021-12-21,,,100.000,y,38.87,30,30,0,0.96,2021-10-12,2021-10-12,381.08,106.000,n,130.000,15,30,18,,Y,18.752,9.509,AAA,AAA,无担保,,,,shmb,,,110041,110041,0.3220,704863,733863,,N,N,3.720,buy,R,,1.86,Y,6136212939.0,5955548527.0,Y,4.61,295770.26,6.22%,00,buy,buy,buy,15:00:00,180.08,-4.05%,2.195,-19.12%,-19.70%,172.780,172.780,4.02%,644749.21,Y,0,0,O,-,,N,-,buy,-,23-12-21,168.73,3.33,1.79,3.5%,3.4%,"转债占流动市值比：3.5%
转债占总市值比：3.4%",0.00,600863,sh110041,有效期：2021-10-12 到 2021-10-12；质押代码：110041,110041；2018-06-28 开始转股,全价：172.780 最后更新：15:00:00
113051,节能转债,sh601016,节能风电,C,4.05,,2021-12-27,2027-06-21,2025-06-20,,,100.000,y,42.06,30,30,0,0.00,,,31.54,110.000,n,130.000,15,30,0,,X,30.000,30.000,AA+,AA+,无担保,,,,shmb,,,未到转股期,113051,0.5980,764016,783016,,N,N,63.210,buy,R,,3.22,N,5013052000.0,4480441681.0,Y,6.74,259365.14,-7.67%,00,buy,buy,buy,15:00:00,166.42,-3.39%,5.696,-5.86%,-6.27%,160.770,160.770,-5.07%,154372.76,Y,0,0,,-,,N,-,buy,-,27-06-21,157.38,5.26,2.83,9.9%,8.9%,"转债占流动市值比：9.9%
转债占总市值比：8.9%",0.00,601016,sh113051,有效期：-；质押代码：113051,未到转股期；2021-12-27 开始转股,全价：160.770 最后更新：15:00:00
113528,长城转债,sh603897,长城科技,C,23.35,2021-05-26,2019-09-09,2025-03-01,2023-03-01,,,100.000,y,31.80,30,30,0,0.00,,,59.56,112.000,n,130.000,15,30,30,,N,6.340,5.169,AA-,AA-,无担保,2021-09-29,2021-10-14,2021-09-29 至 2021-10-14 期间暂停转股：权益分派股权登记,shmb,2021年8月20日公告：本次（2021年8月2日至2021年8月20日）不行使提前赎回权利，至2021年11月20日均不提前赎回,,113528,113528,3.5530,753897,754897,,N,N,53.900,buy,,,4.32,N,183413673.0,183413673.0,Y,51.40,19546.45,-4.60%,00,buy,buy,buy,14:59:56,220.13,-1.84%,3.389,-16.88%,-17.55%,216.070,216.070,-5.00%,66810.62,N,0,0,G,-,,N,-,buy,-,25-03-01,214.23,30.36,16.34,5.5%,5.5%,"转债占流动市值比：5.5%
转债占总市值比：5.5%",0.00,603897,sh113528,有效期：-；质押代码：113528,113528；2019-09-09 开始转股;2021-09-29 至 2021-10-14 期间暂停转股：权益分派股权登记,全价：216.070 最后更新：14:59:56
110048,福能转债,sh600483,福能股份,C,7.85,2021-07-28,2019-06-13,2024-12-06,2022-12-07,,,100.000,y,37.15,30,30,0,0.00,,,37.35,109.000,n,130.000,15,30,30,,N,28.300,16.366,AA+,AA+,无担保,,,,shmb,2021年7月7日公告：本次（2021年6月9日至2021年7月6日）不行使福能转债的提前赎回权利，至2021年10月6日均不提前赎回,,110048,110048,1.8230,704483,733483,,N,N,32.130,buy,R,,1.65,N,1908392357.0,1660363195.0,Y,14.79,75728.23,-9.93%,00,buy,buy,buy,14:59:59,188.41,-1.76%,3.156,-14.66%,-15.26%,185.100,185.100,-11.25%,115004.12,Y,0,0,G,-,,N,-,buy,-,24-12-06,183.34,10.21,5.50,6.7%,5.8%,"转债占流动市值比：6.7%
转债占总市值比：5.8%",0.00,600483,sh110048,有效期：-；质押代码：110048,110048；2019-06-13 开始转股,全价：185.100 最后更新：14:59:59
110074,精达转债,sh600577,精达股份,C,3.73,2021-04-26,2021-02-25,2026-08-18,2024-08-19,,,100.000,y,37.73,30,30,0,0.00,,,19.82,112.000,n,130.000,15,30,30,,N,7.870,5.326,AA,AA,无担保,,,,shmb,2021年6月16日公告：本次（2021年5月21日至2021年6月15日）不行使精达转债的提前赎回权利，至2021年12月15日前均不提前赎回,,110074,110074,0.4090,704577,733577,,N,N,62.152,buy,R,,3.31,N,1989463184.0,1980501306.0,Y,6.92,20948.02,-1.14%,00,buy,buy,buy,14:59:58,185.52,-1.55%,4.855,-8.92%,-9.45%,182.650,182.650,-2.77%,19503.07,Y,0,0,G,-,,N,-,buy,-,26-08-18,181.10,4.85,2.61,3.9%,3.9%,"转债占流动市值比：3.9%
转债占总市值比：3.9%",0.00,600577,sh110074,有效期：-；质押代码：110074,110074；2021-02-25 开始转股,全价：182.650 最后更新：14:59:58
123068,弘信转债,sz300657,弘信电子,C,15.34,2021-07-13,2021-04-21,2026-10-14,2024-10-14,,,100.000,y,66.37,30,30,0,0.00,,,149.22,115.000,n,130.000,15,30,15,2021-10-11,Y,5.700,0.815,AA-,AA-,无担保,,,,szcy,"最后交易日：2021年10月11日
最后转股日：2021年10月11日
赎回价：100.397元/张",100.397,123068,123068,1.6679,380657,370657,,N,N,67.430,buy,,,4.65,N,439285374.0,417102146.0,Y,16.18,30082.78,2.41%,00,buy,buy,buy,15:14:03,105.48,-1.40%,5.011,3.18%,2.42%,104.000,104.000,-1.76%,12791.92,Y,0,0,R,-,,N,-,buy,-,26-10-14,102.60,19.94,10.74,1.2%,1.1%,"转债占流动市值比：1.2%
转债占总市值比：1.1%",0.00,300657,sz123068,有效期：-；质押代码：123068,123068；2021-04-21 开始转股,全价：104.000 最后更新：15:14:03
123067,斯莱转债,sz300382,斯莱克,C,9.36,2021-06-30,2021-03-23,2026-09-16,2024-09-16,,,100.000,y,28.19,30,30,0,0.00,,,37.50,115.000,n,130.000,15,30,30,,N,3.880,3.015,AA-,AA-,无担保,,,,szcy,2021年8月24日公告：本次（2021年2月24日至2021年8月23日）不行使提前赎回权利，至2021年11月24日均不提前赎回,,123067,123067,0.6940,380382,370382,,N,N,19.960,buy,,,11.86,N,572624964.0,572567139.0,Y,23.24,18752.22,-3.57%,00,buy,buy,buy,15:14:03,248.29,-1.34%,4.934,-13.56%,-14.14%,244.964,244.964,-3.02%,27539.19,Y,0,0,G,-,,N,-,buy,-,26-09-16,243.62,12.17,6.55,2.3%,2.3%,"转债占流动市值比：2.3%
转债占总市值比：2.3%",0.00,300382,sz123067,有效期：-；质押代码：123067,123067；2021-03-23 开始转股,全价：244.964 最后更新：15:14:03
113600,新星转债,sh603978,深圳新星,C,23.85,,2021-02-19,2026-08-12,2024-08-12,,,100.000,y,50.21,30,30,0,0.00,,,60.12,120.000,n,130.000,15,30,2,,X,5.950,5.705,AA-,AA-,股份质押担保,,,,shmb,,,113600,113600,3.7180,753978,754978,,N,N,75.984,buy,,,3.18,N,160006753.0,160004375.0,Y,33.25,40634.87,-1.92%,00,buy,buy,buy,14:59:58,139.41,-1.24%,4.838,-1.91%,-2.76%,137.680,137.680,-2.53%,47381.25,Y,0,0,,-,,N,-,buy,-,26-08-12,136.44,31.00,16.70,10.7%,10.7%,"转债占流动市值比：10.7%
转债占总市值比：10.7%",0.00,603978,sh113600,有效期：-；质押代码：113600,113600；2021-02-19 开始转股,全价：137.680 最后更新：14:59:58
113048,晶科转债,sh601778,晶科科技,C,5.48,2021-06-21,2021-10-29,2027-04-22,2025-04-22,,,100.000,y,49.50,30,30,0,0.00,,,14.53,112.000,n,130.000,15,30,0,,X,30.000,30.000,AA,AA,无,,,,shmb,,,未到转股期,113048,1.0840,764778,783778,,N,N,37.350,buy,,,1.84,N,2765501922.0,1741192922.0,Y,7.75,57927.39,-3.73%,00,buy,buy,buy,15:00:00,141.42,-1.04%,5.532,-3.22%,-3.74%,139.950,139.950,-5.30%,61967.53,Y,1,1,,-,,N,-,buy,-,27-04-22,138.91,7.12,3.84,22.2%,14.0%,"转债占流动市值比：22.2%
转债占总市值比：14.0%",0.00,601778,sh113048,有效期：-；质押代码：113048,未到转股期；2021-10-29 开始转股,全价：139.950 最后更新：15:00:00
123103,震安转债,sz300767,震安科技,C,56.89,2021-06-11,2021-09-22,2027-03-11,2025-03-11,,,100.000,y,37.58,30,30,0,0.00,,,30.89,115.000,n,130.000,15,30,9,,X,2.850,2.694,A+,A+,无,,,,szcy,,,123103,123103,1.9791,380767,370767,,N,N,53.950,buy,,,17.21,N,201853549.0,117965456.0,Y,105.97,17928.92,-4.10%,00,buy,buy,buy,15:14:03,186.27,-0.98%,5.416,-7.58%,-8.17%,184.450,184.450,-4.86%,15682.09,Y,0,0,,-,,N,-,buy,-,27-03-11,183.47,73.96,39.82,2.2%,1.3%,"转债占流动市值比：2.2%
转债占总市值比：1.3%",0.00,300767,sz123103,有效期：-；质押代码：123103,123103；2021-09-22 开始转股,全价：184.450 最后更新：15:14:03
123042,银河转债,sz300619,金银河,C,24.38,2021-06-24,2020-07-20,2026-01-13,2024-01-15,,,100.000,y,30.55,30,30,0,0.00,,,559.80,110.000,n,130.000,15,30,30,,N,1.670,1.479,A+,A+,无担保,,,,szcy,2021年8月26日公告：本次（2021年8月5日至2021年8月25日）不行使提前赎回权利，至2021年12月31日均不提前赎回,,123042,123042,2.2316,380619,370619,,N,N,49.650,buy,,,7.84,N,75450951.0,57386129.0,Y,55.86,34698.48,4.16%,00,buy,buy,buy,15:14:03,229.12,-0.58%,4.260,-15.02%,-15.52%,227.800,227.800,3.92%,183215.77,Y,0,0,G,-,,N,-,buy,-,26-01-13,227.22,31.69,17.07,4.6%,3.5%,"转债占流动市值比：4.6%
转债占总市值比：3.5%",0.00,300619,sz123042,有效期：-；质押代码：123042,123042；2020-07-20 开始转股,全价：227.800 最后更新：15:14:03
123083,朗新转债,sz300682,朗新科技,C,15.40,2021-09-17,2021-06-15,2026-12-08,2024-12-09,,,100.000,y,43.91,30,30,0,0.00,,,20.89,110.000,n,130.000,15,30,21,,N,8.000,7.800,AA,AA,无担保,,,,szcy,2021年9月24日公告：本次（2021年8月12日至2021年9月24日）本次不行使提前赎回权利，不提前赎回,,123083,123083,0.7833,380682,370682,,N,N,77.260,buy,,,4.70,N,1031953050.0,717930617.0,Y,24.55,25614.87,-4.51%,00,buy,buy,buy,15:14:03,159.42,-0.57%,5.162,-6.11%,-6.58%,158.500,158.500,-4.08%,26057.93,Y,0,0,G,-,,N,-,buy,-,26-12-08,157.93,20.02,10.78,4.4%,3.1%,"转债占流动市值比：4.4%
转债占总市值比：3.1%",0.00,300682,sz123083,有效期：-；质押代码：123083,123083；2021-06-15 开始转股,全价：158.500 最后更新：15:14:03
120004,20华菱EB,sz000932,华菱钢铁,E,4.92,,2021-08-26,2025-01-08,2024-01-09,,,100.000,y,53.31,30,30,0,0.85,2021-10-12,2021-10-12,2.95,110.000,y,130.000,15,30,26,2021-10-21,Y,15.000,9.963,AAA,AAA,,,,,szmb,"最后交易日；2021年10月21日
最后转股日：2021年10月21日
赎回价：100.7836元/张",100.784,120004,120004,,,,,Q,Q,,buy,R,,1.12,N,6908632499.0,5717943441.0,Y,6.46,61305.50,-1.52%,00,buy,buy,buy,15:14:03,131.30,-0.46%,3.247,-4.19%,-4.92%,130.700,130.700,-2.32%,3852.48,Y,0,0,R,-,,N,-,buy,-,25-01-08,130.24,6.40,3.44,2.7%,2.2%,"转债占流动市值比：2.7%
转债占总市值比：2.2%",0.00,000932,sz120004,有效期：2021-10-12 到 2021-10-12；质押代码：120004,120004；2021-08-26 开始转股,全价：130.700 最后更新：15:14:03
120003,19华菱EB,sz000932,华菱钢铁,E,4.47,,2021-08-26,2024-11-22,2023-11-24,,,100.000,y,48.44,30,30,0,0.93,2021-10-12,2021-10-12,2.07,110.000,y,130.000,15,30,26,2021-10-21,Y,20.000,11.533,AAA,AAA,华菱钢铁A股股票及其孳息,,,,szmb,"最后交易日：2021年10月21日
最后转股日；2021年10月21日
赎回价：100.9068元/张",100.907,120003,120003,,,,,Q,Q,,buy,R,,1.12,N,6908632499.0,5717943441.0,Y,6.46,61305.50,-1.52%,00,buy,buy,buy,15:14:03,144.52,-0.44%,3.118,-7.30%,-8.03%,143.890,143.890,-1.65%,3422.64,Y,0,0,R,-,,N,-,buy,-,24-11-22,143.45,5.81,3.13,3.1%,2.6%,"转债占流动市值比：3.1%
转债占总市值比：2.6%",0.00,000932,sz120003,有效期：2021-10-12 到 2021-10-12；质押代码：120003,120003；2021-08-26 开始转股,全价：143.890 最后更新：15:14:03
128096,奥瑞转债,sz002701,奥瑞金,C,4.50,2021-06-09,2020-08-17,2026-02-11,2024-02-12,,,100.000,y,44.49,30,30,0,0.00,,,46.15,110.000,n,130.000,15,30,19,,N,10.870,6.294,AA+,AA+,无担保,,,,szmb,2021年9月16日公告：本次（2021年8月11日至2021年9月14日）不提前赎回奥瑞转债，至2021年12月31日均不提前赎回,,128096,128096,0.4614,082701,072701,,N,N,58.210,buy,R,,2.42,N,2425967213.0,2423753337.0,Y,7.08,114992.14,1.14%,00,buy,buy,buy,15:14:03,157.33,-0.34%,4.340,-6.94%,-7.51%,156.800,156.800,1.16%,45266.98,Y,0,0,G,-,,N,-,buy,-,26-02-11,156.46,5.85,3.15,3.7%,3.7%,"转债占流动市值比：3.7%
转债占总市值比：3.7%",0.00,002701,sz128096,有效期：-；质押代码：128096,128096；2020-08-17 开始转股,全价：156.800 最后更新：15:14:03
128085,鸿达转债,sz002002,鸿达兴业,C,3.91,2021-06-22,2020-06-22,2025-12-16,2023-12-18,,,100.000,y,49.95,30,30,0,0.00,,,26.15,118.000,n,130.000,15,30,30,,X,24.270,3.495,B,B,无担保,,,,szmb,,,128085,128085,0.9374,082002,072002,,N,N,26.280,buy,R,,1.72,N,3118404327.0,3114522291.0,Y,5.48,44880.32,-1.97%,00,buy,buy,buy,15:14:03,140.15,-0.32%,4.184,-2.80%,-3.73%,139.700,139.700,-1.98%,12963.29,Y,0,0,B,-,,N,-,buy,-,25-12-16,139.38,5.08,2.74,2.0%,2.0%,"转债占流动市值比：2.0%
转债占总市值比：2.0%",0.00,002002,sz128085,有效期：-；质押代码：128085,128085；2020-06-22 开始转股,全价：139.700 最后更新：15:14:03
113525,台华转债,sh603055,台华新材,C,7.78,2021-05-28,2019-06-21,2024-12-16,2022-12-17,,,100.000,y,34.47,30,30,0,0.00,,,70.69,110.000,n,130.000,15,30,30,,N,5.330,2.112,AA,AA,无担保,,,,shmb,2021年9月7日公告：本次（2021年8月17日至2021年9月6日）不行使提前赎回权利，至2021年12月6日均不提前赎回,,113525,113525,0.9730,753055,754055,,N,N,29.060,buy,,,4.21,N,864890388.0,795569750.0,Y,15.80,15464.95,-3.42%,00,buy,buy,buy,14:59:59,203.08,-0.29%,3.184,-16.71%,-17.33%,202.500,202.500,-2.99%,30982.70,Y,0,0,G,-,,N,-,buy,-,24-12-16,202.21,10.11,5.45,1.7%,1.5%,"转债占流动市值比：1.7%
转债占总市值比：1.5%",0.00,603055,sh113525,有效期：-；质押代码：113525,113525；2019-06-21 开始转股,全价：202.500 最后更新：14:59:59
123051,今天转债,sz300532,今天国际,C,8.70,2021-05-12,2020-12-10,2026-06-03,2024-06-03,,,100.000,y,64.31,30,30,0,0.00,,,26.13,116.000,n,130.000,15,30,12,2021-10-14,Y,2.800,1.498,A+,A+,无担保,,,,szcy,"最后交易日：2021年10月14日
最后转股日：2021年10月14日
赎回价：100.29元/张",100.290,123051,123051,1.0249,380532,370532,,N,N,76.800,buy,,,3.05,N,285889967.0,176273129.0,Y,9.47,3514.20,-1.56%,00,buy,buy,buy,15:14:03,108.85,-0.27%,4.647,2.66%,1.82%,108.560,108.560,-1.58%,4277.87,Y,0,0,R,-,,N,-,buy,-,26-06-03,108.29,11.31,6.09,9.0%,5.5%,"转债占流动市值比：9.0%
转债占总市值比：5.5%",0.00,300532,sz123051,有效期：-；质押代码：123051,123051；2020-12-10 开始转股,全价：108.560 最后更新：15:14:03
118000,嘉元转债,sh688388,嘉元科技,C,78.74,2021-05-06,2021-09-01,2027-02-22,2025-02-24,,,100.000,y,37.34,30,30,0,0.00,,,17.90,115.000,n,130.000,15,30,22,,N,12.400,12.197,AA-,AA-,无,,,,shkc,2021年9月24日公告：本次（2021年9月1日至2021年9月23日）不提前赎回，至2021年12月24日均不提前赎回,,118000,118000,5.3700,726388,718388,,N,N,70.922,buy,R,,11.26,N,230876000.0,167551600.0,Y,147.60,73192.93,0.54%,00,buy,buy,buy,14:59:59,187.45,-0.21%,5.370,-7.93%,-8.52%,187.060,187.060,0.39%,40381.40,Y,0,0,G,-,,N,-,buy,-,27-02-22,186.85,102.36,55.12,4.9%,3.6%,"转债占流动市值比：4.9%
转债占总市值比：3.6%",0.00,688388,sh118000,有效期：-；质押代码：118000,118000；2021-09-01 开始转股,全价：187.060 最后更新：14:59:59
110033,国贸转债,sh600755,厦门国贸,C,6.72,2021-07-05,2016-07-05,2022-01-05,2020-01-05,,,100.000,y,60.31,30,30,0,0.75,2021-10-12,2021-10-12,13.27,108.000,n,130.000,15,30,15,,Y,28.000,3.436,AAA,AAA,无担保,,,,shmb,,,110033,110033,1.6820,,,,N,N,,buy,R,,0.56,Y,2074924480.0,1962133533.0,Y,7.80,30594.98,-0.89%,00,buy,buy,buy,14:59:58,116.07,-0.19%,0.236,-28.71%,-34.56%,115.850,115.850,-0.89%,5330.20,Y,1,1,O,-,,N,-,buy,-,22-01-05,115.66,8.74,4.70,2.2%,2.1%,"转债占流动市值比：2.2%
转债占总市值比：2.1%",0.00,600755,sh110033,有效期：2021-10-12 到 2021-10-12；质押代码：110033,110033；2016-07-05 开始转股,全价：115.850 最后更新：14:59:58
127029,中钢转债,sz000928,中钢国际,C,5.79,2021-09-24,2021-09-27,2027-03-18,2025-03-18,,,100.000,y,50.29,30,30,0,0.00,,,11.32,113.000,n,130.000,15,30,6,,X,9.600,8.235,AA+,AA+,无,,,,szmb,,,127029,127029,0.7639,080928,070928,,N,N,20.710,buy,R,,1.72,N,1280081086.0,1280049886.0,Y,8.06,22152.54,-0.86%,00,buy,buy,buy,15:14:03,139.21,-0.19%,5.436,-3.08%,-3.62%,138.942,138.942,-0.60%,12887.30,Y,0,0,,-,,N,-,buy,-,27-03-18,138.75,7.53,4.05,8.0%,8.0%,"转债占流动市值比：8.0%
转债占总市值比：8.0%",0.00,000928,sz127029,有效期：-；质押代码：127029,127029；2021-09-27 开始转股,全价：138.942 最后更新：15:14:03
128082,华锋转债,sz002806,华锋股份,C,9.13,2021-03-23,2020-06-10,2025-12-03,2023-12-04,,,100.000,y,48.38,30,30,0,0.00,,,24.37,115.000,n,130.000,15,30,30,,N,3.520,2.172,A,A,土地、房产、机器设备等资产抵 押和股份质押担保,,,,szmb,2021年8月31日公告：本次（2021年7月12日至2021年8月20日）不行使提前赎回权利，至2021年12月31日均不提前赎回,,128082,128082,1.9995,082806,072806,,N,N,5.530,buy,,,2.31,N,190519020.0,126094015.0,Y,13.21,4673.59,-1.27%,00,buy,buy,buy,15:14:03,144.69,-0.17%,4.148,-4.21%,-5.03%,144.438,144.438,-2.02%,7680.06,Y,2,2,G,-,,N,-,buy,-,25-12-03,144.27,11.87,6.39,13.0%,8.6%,"转债占流动市值比：13.0%
转债占总市值比：8.6%",0.00,002806,sz128082,有效期：-；质押代码：128082,128082；2020-06-10 开始转股,全价：144.438 最后更新：15:14:03
132018,G三峡EB1,sh600900,长江电力,E,16.74,2021-07-16,2020-04-13,2024-04-09,2023-04-10,,,100.000,y,54.20,30,30,0,0.85,2021-10-12,2021-10-12,1.42,108.000,y,120.000,15,30,15,,X,200.000,163.341,AAA,AAA,长江电力A股股票及其孳息,,,,shmb,,,132018,132018,,,759001,,N,N,100.000,buy,R,,2.98,N,22741859230.0,22741859230.0,Y,21.62,127310.56,-1.50%,00,buy,buy,buy,14:59:59,129.15,-0.17%,2.496,-6.37%,-7.02%,128.680,128.935,-1.30%,29958.69,Y,0,0,B,-,,N,-,buy,-,24-04-09,128.51,20.09,11.72,3.3%,3.3%,"转债占流动市值比：3.3%
转债占总市值比：3.3%",0.00,600900,sh132018,有效期：2021-10-12 到 2021-10-12；质押代码：132018,132018；2020-04-13 开始转股,全价：128.935 最后更新：14:59:59
113585,寿仙转债,sh603896,寿仙谷,C,28.38,2021-06-30,2020-12-15,2026-06-08,2024-06-10,,,100.000,y,49.85,30,30,0,0.00,,,21.11,112.000,n,130.000,15,30,30,,N,3.600,1.059,AA-,AA-,连带责任保证,,,,shmb,2021年9月1日公告：本次（2021年8月11日至2021年8月31日）不行使提前赎回权利，至2022年2月28日均不提前赎回,,113585,113585,2.5080,753896,754896,,N,N,82.309,buy,,,4.22,N,152319370.0,151621339.0,Y,39.85,2142.60,0.89%,00,buy,buy,buy,15:00:00,140.42,-0.05%,4.660,-3.85%,-4.46%,140.340,140.340,0.65%,3179.77,Y,0,0,G,-,,N,-,buy,-,26-06-08,140.29,36.89,19.87,1.8%,1.7%,"转债占流动市值比：1.8%
转债占总市值比：1.7%",0.00,603896,sh113585,有效期：-；质押代码：113585,113585；2020-12-15 开始转股,全价：140.340 最后更新：15:00:00
132014,18中化EB,sh601117,中国化学,E,7.39,2021-09-10,2019-04-25,2023-04-24,2022-04-24,,,100.000,y,50.13,30,30,0,0.94,2021-10-12,2021-10-12,1.99,106.000,y,130.000,15,30,30,,N,35.000,15.880,AAA,AAA,预备用于交换的中国化学股票设定为本次债券的担保物,,,,shmb,2021年8月19日公告：本次（2021年7月8日至2021年8月18日）不提前赎回,,132014,132014,,,,,Q,Q,,buy,R,,1.63,N,6109470588.0,4933000000.0,Y,10.32,72448.84,-1.71%,00,buy,buy,buy,14:59:23,139.65,-0.04%,1.534,-15.58%,-16.36%,139.170,139.592,-1.99%,4419.90,Y,0,0,G,-,,N,-,buy,-,23-04-24,139.13,9.61,5.17,3.1%,2.5%,"转债占流动市值比：3.1%
转债占总市值比：2.5%",0.00,601117,sh132014,有效期：2021-10-12 到 2021-10-12；质押代码：132014,132014；2019-04-25 开始转股,全价：139.592 最后更新：14:59:23
128018,时达转债,sz002527,新时达,C,7.36,2021-07-21,2018-05-10,2023-11-06,2021-11-06,,,100.000,y,65.05,30,30,0,0.00,,,11.99,106.000,n,130.000,15,30,16,2021-10-27,Y,8.825,3.491,AA,AA,无担保,,,,szmb,"最后交易日：2021年10月27日
最后转股日：2021年10月27日
赎回价：101.46元/张",101.460,128018,128018,1.4230,082527,072527,,N,N,74.039,buy,,,1.78,N,629300381.0,494896159.0,Y,7.92,4855.50,-1.74%,00,buy,buy,buy,15:14:03,107.61,0.04%,2.071,0.75%,-0.10%,107.649,107.649,-1.60%,4515.01,Y,1,1,R,-,,N,-,buy,-,23-11-06,107.69,9.57,5.15,8.9%,7.0%,"转债占流动市值比：8.9%
转债占总市值比：7.0%",0.00,002527,sz128018,有效期：-；质押代码：128018,128018；2018-05-10 开始转股,全价：107.649 最后更新：15:14:03
113039,嘉泽转债,sh601619,嘉泽新能,C,3.46,2021-06-11,2021-03-01,2026-08-23,2024-08-23,,,100.000,y,39.84,30,30,0,0.00,,,212.61,108.000,n,130.000,15,30,27,,N,13.000,3.218,AA,AA,无担保,,,,shmb,2021年9月15日公告：本次（2021年8月25日至2021年9月14日）不行使提前赎回权利，至2021年12月14日均不提前赎回,,113039,113039,0.6260,764619,783619,,N,N,76.530,buy,,,3.29,N,2418493612.0,2349523612.0,Y,6.08,92077.47,-4.55%,00,buy,buy,buy,14:59:59,175.72,0.06%,4.868,-8.85%,-9.26%,175.830,175.830,-3.11%,122806.65,Y,0,0,G,-,,N,-,buy,-,26-08-23,175.89,4.50,2.42,2.3%,2.2%,"转债占流动市值比：2.3%
转债占总市值比：2.2%",0.00,601619,sh113039,有效期：-；质押代码：113039,113039；2021-03-01 开始转股,全价：175.830 最后更新：14:59:59
123102,华自转债,sz300490,华自科技,C,9.25,2021-07-26,2021-09-22,2027-03-11,2025-03-11,,,100.000,y,31.43,30,30,0,0.00,,,47.31,119.000,n,130.000,15,30,9,,X,6.700,3.944,AA-,AA-,无,,,,szcy,,,123102,123102,2.6154,380490,370490,,N,N,18.610,buy,,,3.09,N,285981037.0,279367892.0,Y,20.60,30115.95,-2.09%,00,buy,buy,buy,15:14:03,222.70,0.14%,5.416,-10.08%,-10.78%,223.012,223.012,-1.32%,41633.59,Y,0,0,,-,,N,-,buy,-,27-03-11,223.15,12.03,6.47,6.9%,6.7%,"转债占流动市值比：6.9%
转债占总市值比：6.7%",0.00,300490,sz123102,有效期：-；质押代码：123102,123102；2021-09-22 开始转股,全价：223.012 最后更新：15:14:03
113504,艾华转债,sh603989,艾华集团,C,20.81,2021-06-24,2018-09-08,2024-03-01,2022-03-02,,,100.000,y,44.47,30,30,0,0.00,,,3.85,106.000,n,130.000,15,30,30,,N,6.910,4.898,AA,AA,无担保,,,,shmb,2021年9月14日公告：本次（2021年8月25日至2021年9月14日）不行使转债的提前赎回权利，不提前赎回,,113504,113504,2.3030,753989,754989,,N,N,82.470,buy,R,,4.64,N,399514386.0,399512850.0,Y,32.76,7235.83,-0.21%,00,buy,buy,buy,14:59:47,157.42,0.44%,2.389,-14.54%,-15.12%,158.110,158.110,-1.90%,2984.54,Y,1,1,G,-,,N,-,buy,-,24-03-01,158.55,27.05,14.57,3.7%,3.7%,"转债占流动市值比：3.7%
转债占总市值比：3.7%",0.00,603989,sh113504,有效期：-；质押代码：113504,113504；2018-09-08 开始转股,全价：158.110 最后更新：14:59:47
123047,久吾转债,sz300631,久吾高科,C,17.43,2021-05-28,2020-09-28,2026-03-19,2024-03-19,,,100.000,y,33.46,30,30,0,0.00,,,97.59,121.000,n,130.000,15,30,30,2021-10-20,Y,2.540,1.186,A+,A+,无担保,,,,szcy,"最后交易日：2021年10月20日
最后转股日：2021年10月20日
赎回价：100.47元/张",100.470,123047,123047,2.4063,380631,370631,,N,N,71.110,buy,,,4.88,N,113178697.0,110797822.0,Y,36.46,15449.17,-3.52%,00,buy,buy,buy,15:14:03,209.18,0.58%,4.438,-10.60%,-11.51%,210.390,210.390,-3.05%,24904.47,Y,0,0,R,-,,N,-,buy,-,26-03-19,210.97,22.66,12.20,2.9%,2.9%,"转债占流动市值比：2.9%
转债占总市值比：2.9%",0.00,300631,sz123047,有效期：-；质押代码：123047,123047；2020-09-28 开始转股,全价：210.390 最后更新：15:14:03
128128,齐翔转2,sz002408,齐翔腾达,C,5.69,2021-09-29,2021-02-26,2026-08-19,2024-08-19,,,100.000,y,35.06,30,30,0,0.00,,,13.78,110.000,n,130.000,15,30,30,,N,29.900,8.726,AA,AA,无担保,,,,szmb,2021年8月7日公告，本次（2021年7月16日起至2021年8月5日）不行使提前赎回权利，至2021年12月31日公司均不提前赎回,,128128,128128,1.7102,082408,072408,,N,N,76.460,buy,R,,2.73,N,2808787944.0,2738941336.0,Y,11.36,81201.44,-0.18%,00,buy,buy,buy,15:14:03,199.65,0.59%,4.858,-11.01%,-11.47%,200.830,200.830,0.47%,23847.98,Y,0,0,G,-,,N,-,buy,-,26-08-19,201.42,7.40,3.98,2.8%,2.7%,"转债占流动市值比：2.8%
转债占总市值比：2.7%",0.00,002408,sz128128,有效期：-；质押代码：128128,128128；2021-02-26 开始转股,全价：200.830 最后更新：15:14:03
113549,白电转债,sh603861,白云电器,C,8.83,2021-08-25,2020-05-21,2025-11-14,2023-11-14,,,100.000,y,57.13,30,30,0,0.00,,,18.49,110.000,n,130.000,15,30,11,,X,8.800,8.063,AA,AA,无担保,,,,shmb,,,113549,113549,1.9470,753861,753861,,N,N,62.480,buy,,,1.79,N,446958262.0,412782930.0,Y,10.82,7706.54,-7.04%,00,buy,buy,buy,15:00:00,122.54,0.68%,4.096,-1.78%,-2.41%,123.370,123.370,-5.57%,18648.62,Y,0,0,,-,,N,-,buy,-,25-11-14,124.05,11.48,6.18,18.1%,16.7%,"转债占流动市值比：18.1%
转债占总市值比：16.7%",0.00,603861,sh113549,有效期：-；质押代码：113549,113549；2020-05-21 开始转股,全价：123.370 最后更新：15:00:00
113607,伟20转债,sh603568,伟明环保,C,21.71,2021-07-06,2021-05-06,2026-11-01,2024-11-01,,,100.000,y,56.18,30,30,0,0.00,,,4.61,110.000,n,130.000,20,30,16,,X,12.000,10.945,AA,AA,无担保,,,,shmb,,,113607,113607,0.9540,753568,754568,,N,N,91.110,buy,R,,5.89,N,1256542551.0,1256542551.0,Y,27.05,8183.08,-1.99%,00,buy,buy,buy,14:59:43,124.60,1.09%,5.060,-1.80%,-2.31%,125.950,125.950,-1.06%,6372.11,Y,0,0,,-,,N,-,buy,-,26-11-01,127.04,28.22,15.20,3.2%,3.2%,"转债占流动市值比：3.2%
转债占总市值比：3.2%",0.00,603568,sh113607,有效期：-；质押代码：113607,113607；2021-05-06 开始转股,全价：125.950 最后更新：14:59:43
128057,博彦转债,sz002649,博彦科技,C,8.50,2021-04-22,2019-09-11,2025-03-05,2023-03-05,,,100.000,y,52.42,30,30,0,0.00,,,32.84,112.000,n,130.000,15,30,1,,X,5.758,4.940,AA-,AA-,无担保,,,,szmb,,,128057,128057,1.0957,082649,072649,,N,N,16.060,buy,,,1.94,N,534029870.0,470453476.0,Y,11.35,63006.03,2.99%,00,buy,buy,buy,15:14:03,133.53,1.10%,3.400,-4.37%,-5.17%,135.000,135.000,-0.22%,21821.81,Y,0,0,,-,,N,-,buy,-,25-03-05,136.10,11.05,5.95,9.3%,8.2%,"转债占流动市值比：9.3%
转债占总市值比：8.2%",0.00,002649,sz128057,有效期：-；质押代码：128057,128057；2019-09-11 开始转股,全价：135.000 最后更新：15:14:03
113568,新春转债,sh603667,五洲新春,C,8.75,2021-06-15,2020-09-14,2026-03-05,2024-03-05,,,100.000,y,39.01,30,30,0,0.00,,,78.83,118.000,n,130.000,15,30,30,,N,3.300,2.539,AA-,AA-,无担保,,,,shmb,2021年8月10日公告：本次（2021年7月12日至2021年8月10日）不行使提前赎回权利，至2022年2月10日均不提前赎回,,113568,113568,1.1600,753667,754667,,N,N,15.920,buy,,,2.55,N,299943970.0,261598514.0,Y,15.70,20745.75,-3.62%,00,buy,buy,buy,14:59:59,179.43,1.22%,4.400,-8.43%,-9.24%,181.610,181.610,-1.53%,37590.90,Y,0,0,G,-,,N,-,buy,-,26-03-05,182.83,11.38,6.12,6.2%,5.4%,"转债占流动市值比：6.2%
转债占总市值比：5.4%",0.00,603667,sh113568,有效期：-；质押代码：113568,113568；2020-09-14 开始转股,全价：181.610 最后更新：14:59:59
128013,洪涛转债,sz002325,洪涛股份,C,2.32,2021-02-24,2017-02-06,2022-07-29,2020-07-29,,,100.000,y,63.19,30,30,0,0.00,,,2.90,108.000,n,130.000,15,30,0,,X,12.000,11.462,A-,A-,无担保,,,,szmb,,,128013,128013,0.9980,082325,072325,10,N,N,,buy,R,,1.13,N,1272439069.0,966278130.0,Y,2.57,1455.62,-0.39%,00,buy,buy,buy,15:14:03,110.78,1.22%,0.797,-4.62%,-6.41%,112.126,112.126,0.00%,3722.49,Y,3,3,,-,,N,-,buy,-,22-07-29,113.35,3.02,1.62,46.2%,35.1%,"转债占流动市值比：46.2%
转债占总市值比：35.1%",0.00,002325,sz128013,有效期：-；质押代码：128013,128013；2017-02-06 开始转股,全价：112.126 最后更新：15:14:03
128050,钧达转债,sz002865,钧达股份,C,14.80,2021-05-26,2019-06-14,2024-12-10,2022-12-10,,,100.000,y,36.36,30,30,0,0.00,,,126.22,118.000,n,130.000,15,30,30,,N,3.200,1.064,AA-,AA-,中汽塑料,,,,szmb,2021年3月20日公告：本次（2021年2月22日至2021年3月19日）不行使钧达转债的提前赎回权利，至2021年6月18日均不提前赎回,,128050,128050,2.6298,082865,072865,,N,N,17.350,buy,,,3.57,N,134816890.0,131008540.0,Y,28.49,13413.76,-3.00%,00,buy,buy,buy,15:14:03,192.50,1.48%,3.167,-13.90%,-14.89%,195.345,195.345,-2.33%,26108.91,Y,1,1,G,-,,N,-,buy,-,24-12-10,196.82,19.24,10.36,2.9%,2.8%,"转债占流动市值比：2.9%
转债占总市值比：2.8%",0.00,002865,sz128050,有效期：-；质押代码：128050,128050；2019-06-14 开始转股,全价：195.345 最后更新：15:14:03
123052,飞鹿转债,sz300665,飞鹿股份,C,7.05,2021-06-03,2020-12-11,2026-06-04,2024-06-04,,,100.000,y,50.05,30,30,0,0.00,,,45.16,120.000,n,130.000,15,30,29,,N,1.770,1.504,A+,A+,无担保,,,,szcy,2021年8月24日公告：本次（2021年8月4日至2021年8月24日）不提前赎回，至2022年2月24日均不提前赎回,,123052,123052,1.4612,380665,370665,,N,N,75.366,buy,,,3.18,N,173397555.0,128954235.0,Y,9.86,3562.32,0.61%,00,buy,buy,buy,15:14:03,139.86,1.60%,4.649,-2.48%,-3.39%,142.100,142.100,-0.09%,9676.54,Y,0,0,G,-,,N,-,buy,-,26-06-04,143.70,9.16,4.93,11.8%,8.8%,"转债占流动市值比：11.8%
转债占总市值比：8.8%",0.00,300665,sz123052,有效期：-；质押代码：123052,123052；2020-12-11 开始转股,全价：142.100 最后更新：15:14:03
128103,同德转债,sz002360,同德化工,C,5.08,2021-05-25,2020-10-09,2026-03-25,2024-03-25,,,100.000,y,42.69,30,30,0,0.00,,,35.24,115.000,n,130.000,15,30,30,,N,1.440,1.030,A+,A+,土地、固定资产等抵押方式,,,,szmb,2021年8月10日公告：本次不行使提前赎回权利，至2021年12月31日均不提前赎回,,128103,128103,0.3859,082360,072360,,N,N,31.100,buy,,,2.50,N,399504578.0,309406470.0,Y,8.33,2921.80,-0.60%,00,buy,buy,buy,15:14:03,163.98,1.62%,4.455,-7.02%,-7.75%,166.634,166.634,-0.30%,6037.37,Y,0,0,G,-,,N,-,buy,-,26-03-25,168.25,6.60,3.56,4.0%,3.1%,"转债占流动市值比：4.0%
转债占总市值比：3.1%",0.00,002360,sz128103,有效期：-；质押代码：128103,128103；2020-10-09 开始转股,全价：166.634 最后更新：15:14:03
127046,百润转债,sz002568,百润股份,C,66.89,,2022-04-12,2027-09-28,2025-09-29,,,100.000,y,71.14,30,30,0,0.00,,,,110.000,n,130.000,15,30,0,,X,11.280,11.280,AA,AA,无,,,,szmb,,,未到转股期,127046,1.5064,082568,072568,,N,N,,-,R,,14.88,N,749785122.0,512092162.0,Y,65.82,81651.38,-7.92%,00,buy,buy,buy,,98.40,1.63%,5.967,2.43%,1.96%,100.000,100.000,0.00%,0.00,Y,0,0,,-,,N,-,buy,-,27-09-28,101.63,86.96,46.82,3.3%,2.3%,"转债占流动市值比：3.3%
转债占总市值比：2.3%",0.00,002568,sz127046,有效期：-；质押代码：127046,未到转股期；2022-04-12 开始转股,待上市
128111,中矿转债,sz002738,中矿资源,C,15.42,2021-06-23,2020-12-17,2026-06-10,2024-06-10,,,100.000,y,19.79,30,30,0,0.00,,,108.37,118.000,n,130.000,15,30,30,,N,8.000,1.515,AA-,AA-,无担保,,,,szmb,2021年1月28日公告，本次（2020年12月17日至2021年1月28日）不行使提前赎回权利不提前赎回，至2022年1月28日前均不提前赎回,,128111,128111,2.8784,082738,072738,,N,N,70.254,buy,,,4.98,N,322803345.0,292986702.0,Y,54.53,69172.07,-0.85%,00,buy,buy,buy,15:14:03,353.63,1.80%,4.666,-20.70%,-21.33%,360.000,360.000,-0.28%,59490.38,Y,0,0,G,-,,N,-,buy,-,26-06-10,361.80,20.05,10.79,0.9%,0.9%,"转债占流动市值比：0.9%
转债占总市值比：0.9%",0.00,002738,sz128111,有效期：-；质押代码：128111,128111；2020-12-17 开始转股,全价：360.000 最后更新：15:14:03
128106,华统转债,sz002840,华统股份,C,9.37,2021-06-30,2020-10-16,2026-04-09,2024-04-09,,,100.000,y,56.25,30,30,0,0.00,,,35.16,108.000,n,130.000,15,30,0,,X,5.500,5.352,AA,AA,连带责任保证,,,,szmb,,,128106,128106,1.9826,082840,072840,,N,N,67.140,buy,,,2.82,N,447635792.0,436173392.0,Y,11.66,18966.02,-2.43%,00,buy,buy,buy,15:14:03,124.44,2.22%,4.496,-2.67%,-3.17%,127.198,127.198,-1.28%,23926.03,Y,0,0,,-,,N,-,buy,-,26-04-09,129.42,12.18,6.56,10.5%,10.3%,"转债占流动市值比：10.5%
转债占总市值比：10.3%",0.00,002840,sz128106,有效期：-；质押代码：128106,128106；2020-10-16 开始转股,全价：127.198 最后更新：15:14:03
128130,景兴转债,sz002067,景兴纸业,C,3.40,,2021-03-04,2026-08-30,2024-08-30,,,100.000,y,65.86,30,30,0,0.00,,,5.02,110.000,n,130.000,15,30,2,,X,12.800,9.987,AA,AA,无担保,,,,szmb,,,128130,128130,1.1519,082067,072067,,N,N,53.140,buy,R,,0.95,N,1193923307.0,1056298307.0,Y,4.13,10345.91,-1.43%,00,buy,buy,buy,15:14:03,121.47,2.30%,4.888,-1.64%,-2.16%,124.265,124.265,-0.99%,6276.47,Y,0,0,,-,,N,-,buy,-,26-08-30,126.56,4.42,2.72,22.9%,20.3%,"转债占流动市值比：22.9%
转债占总市值比：20.3%",0.00,002067,sz128130,有效期：-；质押代码：128130,128130；2021-03-04 开始转股,全价：124.265 最后更新：15:14:03
123086,海兰转债,sz300065,海兰信,C,7.27,2021-07-15,2021-06-17,2026-12-10,2024-12-10,,,100.000,y,48.05,30,30,0,0.00,,,23.35,118.000,n,130.000,15,30,30,,N,7.300,6.077,AA-,AA-,无担保,,,,szcy,2021年9月13日公告：本次（2021年8月11日至2021年9月10日）不行使提前赎回权利，至2021年12月31日均不提前赎回,,123086,123086,1.8358,380065,370065,,N,N,59.780,buy,R,,3.96,N,612527048.0,514483614.0,Y,10.59,27834.51,-4.34%,00,buy,buy,buy,15:14:03,145.67,2.46%,5.167,-3.67%,-4.38%,149.248,149.248,-2.54%,21877.68,Y,1,1,G,-,,N,-,buy,-,26-12-10,151.71,9.45,5.09,11.2%,9.4%,"转债占流动市值比：11.2%
转债占总市值比：9.4%",0.00,300065,sz123086,有效期：-；质押代码：123086,123086；2021-06-17 开始转股,全价：149.248 最后更新：15:14:03
113016,小康转债,sh601127,小康股份,C,16.96,2021-07-05,2018-05-11,2023-11-06,2021-11-06,,,100.000,y,19.62,30,30,0,0.00,,,179.99,106.000,n,130.000,15,30,30,,N,15.000,2.071,AA-,AA-,无担保,,,,shmb,2021年4月2日公告：本次不行使提前赎回权利，不提前赎回；至2022年4月2日均不提前赎回,,113016,113016,1.6490,764127,783127,,N,N,89.391,buy,R,,10.54,N,1359920890.0,974285475.0,Y,60.51,118581.74,1.80%,00,buy,buy,buy,15:00:00,356.78,2.69%,2.071,-44.69%,-45.07%,366.370,366.370,3.77%,135793.40,Y,1,1,G,-,,N,-,buy,-,23-11-06,369.06,22.05,11.87,0.4%,0.3%,"转债占流动市值比：0.4%
转债占总市值比：0.3%",0.00,601127,sh113016,有效期：-；质押代码：113016,113016；2018-05-11 开始转股,全价：366.370 最后更新：15:00:00
123046,天铁转债,sz300587,天铁股份,C,5.90,2021-07-07,2020-09-25,2026-03-18,2024-03-18,,,100.000,y,19.62,30,30,0,0.00,,,77.20,112.000,n,130.000,15,30,30,,N,3.990,0.622,AA-,AA-,无担保,,,,szcy,2021年6月8日公告，本次（2021年5月17日至2021年6月4日）不行使天铁转债的提前赎回权利，至2021年12月6日前均不提前赎回,,123046,123046,2.1957,380587,370587,,N,N,52.910,buy,,,7.22,N,579160729.0,475836056.0,Y,21.05,14485.90,0.53%,00,buy,buy,buy,15:14:03,356.78,2.75%,4.436,-22.92%,-23.40%,366.600,366.600,0.11%,17761.32,Y,0,0,G,-,,N,-,buy,-,26-03-18,369.35,7.67,4.13,0.6%,0.5%,"转债占流动市值比：0.6%
转债占总市值比：0.5%",0.00,300587,sz123046,有效期：-；质押代码：123046,123046；2020-09-25 开始转股,全价：366.600 最后更新：15:14:03
128141,旺能转债,sz002034,旺能环境,C,15.97,2021-05-31,2021-06-23,2026-12-16,2024-12-16,,,100.000,y,58.07,30,30,0,0.00,,,15.69,110.000,n,130.000,15,30,7,,X,14.000,12.703,AA,AA,无担保,,,,szmb,,,128141,128141,3.3225,082034,072034,,N,N,69.760,buy,,,1.66,N,429480149.0,425901361.0,Y,19.25,24883.24,-10.00%,00,buy,buy,buy,15:14:03,120.54,3.14%,5.184,-1.50%,-2.01%,124.329,124.329,-7.36%,25106.58,Y,0,0,,-,,N,-,buy,-,26-12-16,127.47,20.76,11.18,15.5%,15.4%,"转债占流动市值比：15.5%
转债占总市值比：15.4%",0.00,002034,sz128141,有效期：-；质押代码：128141,128141；2021-06-23 开始转股,全价：124.329 最后更新：15:14:03
128113,比音转债,sz002832,比音勒芬,C,14.60,2021-07-07,2020-12-21,2026-06-14,2024-06-14,,,100.000,y,39.26,30,30,0,0.00,,,1.80,112.000,n,130.000,15,30,30,,N,6.890,3.021,AA,AA,无担保,,,,szmb,2021年8月18日公告，本次（2021年7月28日起至8月17日）不提前赎回，至2021年12月31日本年度内均不提前赎回,,128113,128113,1.3147,082832,072832,,N,N,85.110,buy,,,5.15,N,549968351.0,368678651.0,Y,26.03,6462.62,0.66%,00,buy,buy,buy,15:14:03,178.29,3.20%,4.677,-9.39%,-9.94%,184.000,184.000,-0.49%,1000.64,Y,0,0,G,-,,N,-,buy,-,26-06-14,187.20,18.98,10.22,3.1%,2.1%,"转债占流动市值比：3.1%
转债占总市值比：2.1%",0.00,002832,sz128113,有效期：-；质押代码：128113,128113；2020-12-21 开始转股,全价：184.000 最后更新：15:14:03
123111,东财转3,sz300059,东方财富,C,23.35,2021-05-27,2021-10-13,2027-04-06,2025-04-07,,,100.000,y,47.50,30,30,0,0.00,,,2.46,107.000,n,130.000,15,30,0,,X,158.000,158.000,AA+,AA+,无,,,,szcy,,,未到转股期,123111,1.8344,380059,370059,,N,N,71.340,buy,R,,9.25,N,10335763789.0,8533561416.0,Y,34.41,413579.04,-0.52%,00,buy,buy,buy,15:14:03,147.37,3.22%,5.488,-5.71%,-6.04%,152.116,152.116,-1.52%,59589.49,Y,0,0,,-,,N,-,buy,-,27-04-06,155.34,30.36,16.34,5.4%,4.4%,"转债占流动市值比：5.4%
转债占总市值比：4.4%",0.00,300059,sz123111,有效期：-；质押代码：123111,未到转股期；2021-10-13 开始转股,全价：152.116 最后更新：15:14:03
113034,滨化转债,sh601678,滨化股份,C,4.58,2021-05-27,2020-10-16,2026-04-09,2024-04-09,,,100.000,y,33.40,30,30,0,0.00,,,43.40,110.000,n,130.000,15,30,30,,N,24.000,4.682,AA,AA,无担保,,,,shmb,2021年8月31日公告：本次（自2021年8月11日至2021年8月31日）不提前赎回，至2021年11月30日前均不提前赎回,,113034,113034,1.5770,764678,783678,,N,N,51.730,buy,R,,1.98,N,1957777063.0,1950325663.0,Y,9.60,102902.77,-4.76%,00,buy,buy,buy,14:59:59,209.61,3.27%,4.496,-13.36%,-13.83%,216.460,216.460,-3.67%,43948.65,Y,0,0,G,-,,N,-,buy,-,26-04-09,219.73,5.95,3.21,2.5%,2.5%,"转债占流动市值比：2.5%
转债占总市值比：2.5%",0.00,601678,sh113034,有效期：-；质押代码：113034,113034；2020-10-16 开始转股,全价：216.460 最后更新：14:59:59
110077,洪城转债,sh600461,洪城环境,C,6.71,2021-07-09,2021-05-26,2026-11-19,2024-11-19,,,100.000,y,55.98,30,30,0,0.00,,,6.41,110.000,n,130.000,15,30,8,,X,18.000,17.680,AA+,AA+,无担保,,,,shmb,,,110077,110077,1.8980,704461,733461,,N,N,81.140,buy,,,1.46,N,952814300.0,910639020.0,Y,8.39,15763.20,-1.06%,00,buy,buy,buy,14:59:51,125.04,3.43%,5.110,-2.55%,-3.01%,129.330,129.330,0.12%,14684.13,Y,0,0,,-,,N,-,buy,-,26-11-19,132.76,8.72,4.70,23.1%,22.1%,"转债占流动市值比：23.1%
转债占总市值比：22.1%",0.00,600461,sh110077,有效期：-；质押代码：110077,110077；2021-05-26 开始转股,全价：129.330 最后更新：14:59:51
123012,万顺转债,sz300057,万顺新材,C,5.27,2021-05-17,2019-01-26,2024-07-20,2022-07-20,,,100.000,y,47.97,30,30,0,0.00,,,38.97,106.000,n,130.000,15,30,30,,N,9.500,1.275,AA-,AA-,无担保,,,,szcy,2021年9月30日公告：本次（2021年8月16日至2021年9月29日）不提前赎回万顺转债，2021年12月31日前均不提前赎回,,123012,123012,2.1607,380057,370057,,N,N,2.190,buy,,,1.46,N,674652341.0,496968588.0,Y,7.69,6472.36,-3.03%,00,buy,buy,buy,15:14:03,145.92,3.48%,2.775,-11.14%,-11.67%,151.000,151.000,-3.14%,7562.68,Y,0,0,G,-,,N,-,buy,-,24-07-20,154.48,6.85,3.69,3.3%,2.5%,"转债占流动市值比：3.3%
转债占总市值比：2.5%",0.00,300057,sz123012,有效期：-；质押代码：123012,123012；2019-01-26 开始转股,全价：151.000 最后更新：15:14:03
123035,利德转债,sz300296,利亚德,C,6.96,2021-05-24,2020-05-20,2025-11-13,2023-11-13,,,100.000,y,47.21,30,30,0,0.00,,,21.03,110.000,n,130.000,15,30,30,,N,8.000,7.988,AA+,AA+,无担保,,,,szcy,2021年8月6日公告：本次（自2021年7月19日至2021年8月6日）不行使提前赎回的权利，至2022年2月6日均不提前赎回,,123035,123035,0.3174,380296,370296,,N,N,53.270,buy,R,,3.56,N,2542901478.0,1988702066.0,Y,10.32,79185.11,-1.81%,00,buy,buy,buy,15:14:03,148.28,3.49%,4.093,-6.93%,-7.51%,153.458,153.458,-2.62%,26493.26,Y,0,0,G,-,,N,-,buy,-,25-11-13,156.95,9.05,4.87,3.9%,3.0%,"转债占流动市值比：3.9%
转债占总市值比：3.0%",0.00,300296,sz123035,有效期：-；质押代码：123035,123035；2020-05-20 开始转股,全价：153.458 最后更新：15:14:03
113527,维格转债,sh603518,锦泓集团,C,9.85,2020-08-05,2019-07-30,2025-01-23,2023-01-23,,,100.000,y,49.07,30,30,0,0.00,,,26.01,115.000,n,130.000,15,30,30,,N,7.460,2.868,AA,AA,无担保,,,,shmb,2021年9月18日公告：本次不行使赎回权，至2021年12月17日公司均不行使维格转债的提前赎回权利,,113527,113527,4.1310,753518,754518,,N,N,4.910,buy,,,1.70,N,296583303.0,283025178.0,Y,14.05,4481.41,-3.17%,00,buy,buy,buy,14:59:56,142.64,3.50%,3.288,-6.34%,-7.28%,147.630,147.630,-2.50%,11107.22,Y,1,1,G,-,,N,-,buy,-,25-01-23,151.13,12.80,6.89,7.2%,6.9%,"转债占流动市值比：7.2%
转债占总市值比：6.9%",0.00,603518,sh113527,有效期：-；质押代码：113527,113527；2019-07-30 开始转股,全价：147.630 最后更新：14:59:56
123071,天能转债,sz300569,天能重工,C,7.91,2021-08-02,2021-04-27,2026-10-20,2024-10-21,,,100.000,y,51.99,30,30,0,0.00,,,45.54,115.000,n,130.000,15,30,20,,X,7.000,6.946,AA-,AA-,无担保,,,,szcy,,,123071,123071,1.7863,380569,370569,,N,N,70.512,buy,,,3.38,N,793693851.0,568510989.0,Y,10.65,41589.58,-6.17%,00,buy,buy,buy,15:14:03,134.64,3.57%,5.027,-2.83%,-3.51%,139.450,139.450,-4.55%,44493.94,Y,1,1,B,-,,N,-,buy,-,26-10-20,143.02,10.28,5.54,11.5%,8.2%,"转债占流动市值比：11.5%
转债占总市值比：8.2%",0.00,300569,sz123071,有效期：-；质押代码：123071,123071；2021-04-27 开始转股,全价：139.450 最后更新：15:14:03
127042,嘉美转债,sz002969,嘉美包装,C,4.87,,2022-02-14,2027-08-09,2025-08-11,,,100.000,y,60.34,30,30,0,0.00,,,8.78,112.000,n,130.000,15,30,0,,X,7.500,7.500,AA,AA,无,,,,szmb,,,未到转股期,127042,0.7809,082969,072969,,N,N,8.550,-,,,2.51,N,960333535.0,444176962.0,Y,5.65,6663.40,0.71%,00,buy,buy,buy,15:14:03,116.02,3.74%,5.830,-0.48%,-0.99%,120.350,120.350,0.70%,7917.33,Y,0,0,,-,,N,-,buy,-,27-08-09,124.09,6.33,3.41,29.9%,13.8%,"转债占流动市值比：29.9%
转债占总市值比：13.8%",0.00,002969,sz127042,有效期：-；质押代码：127042,未到转股期；2022-02-14 开始转股,全价：120.350 最后更新：15:14:03
128078,太极转债,sz002368,太极股份,C,22.21,2021-07-12,2020-04-27,2025-10-21,2023-10-23,,,100.000,y,53.46,30,30,0,0.00,,,23.44,112.000,n,130.000,15,30,1,,X,10.000,9.600,AA,AA,无担保,,,,szmb,,,128078,128078,2.4226,082368,072368,,N,N,61.950,buy,R,,4.76,N,579643596.0,576156438.0,Y,29.08,118086.91,9.98%,00,buy,buy,buy,15:14:03,130.93,3.88%,4.030,-3.77%,-4.46%,136.016,136.016,3.39%,30745.11,Y,0,0,,-,,N,-,buy,-,25-10-21,139.90,28.87,15.55,5.7%,5.7%,"转债占流动市值比：5.7%
转债占总市值比：5.7%",0.00,002368,sz128078,有效期：-；质押代码：128078,128078；2020-04-27 开始转股,全价：136.016 最后更新：15:14:03
113026,核能转债,sh601985,中国核电,C,5.73,2021-07-16,2019-10-21,2025-04-14,2023-04-17,,,100.000,y,58.05,30,30,0,0.84,2021-10-12,2021-10-12,5.18,105.000,n,130.000,15,30,4,,X,78.000,75.988,AAA,AAA,无担保,,,,shmb,,,113026,113026,0.5010,764985,783985,,N,N,79.230,buy,R,,1.66,N,17456019161.0,17008257968.0,Y,6.91,154877.72,-2.95%,00,buy,buy,buy,14:59:53,120.59,3.89%,3.510,-3.89%,-4.35%,125.280,125.280,-1.66%,49012.20,Y,0,0,,-,,N,-,buy,-,25-04-14,129.17,7.45,4.01,6.5%,6.3%,"转债占流动市值比：6.5%
转债占总市值比：6.3%",0.00,601985,sh113026,有效期：2021-10-12 到 2021-10-12；质押代码：113026,113026；2019-10-21 开始转股,全价：125.280 最后更新：14:59:53
113621,彤程转债,sh603650,彤程新材,C,32.62,2021-06-08,2021-08-02,2027-01-25,2025-01-27,,,100.000,y,46.86,30,30,0,0.00,,,16.75,110.000,n,130.000,15,30,30,,N,8.000,5.371,AA,AA,无,,,,shmb,2021年9月10日公告：本次（2021年8月23日至2021年9月10日）不行使彤程转债的提前赎回权利，不提前赎回,,113621,113621,1.3650,753650,754650,,N,N,92.530,buy,,,11.70,N,594048710.0,594047151.0,Y,48.73,12624.32,0.68%,00,buy,buy,buy,14:59:54,149.39,4.39%,5.293,-5.67%,-6.13%,155.940,155.940,0.60%,14047.54,Y,0,0,G,-,,N,-,buy,-,27-01-25,160.33,42.41,22.83,1.9%,1.9%,"转债占流动市值比：1.9%
转债占总市值比：1.9%",0.00,603650,sh113621,有效期：-；质押代码：113621,113621；2021-08-02 开始转股,全价：155.940 最后更新：14:59:54
128093,百川转债,sz002455,百川股份,C,5.77,2021-05-27,2020-07-09,2026-01-03,2024-01-03,,,100.000,y,26.42,30,30,0,0.00,,,131.30,120.000,n,130.000,20,30,30,,N,5.200,1.620,AA-,AA-,自有资产抵押担保,,,,szmb,2021年9月15日公告：本次（2021年8月19日至2021年9月15日）不行使提前赎回权利，至2021年12月31日均不提前赎回,,128093,128093,1.0314,082455,072455,,N,N,19.690,buy,,,5.45,N,565857827.0,450572850.0,Y,15.29,46748.12,1.80%,00,buy,buy,buy,15:14:03,264.99,4.53%,4.233,-16.86%,-17.72%,277.004,277.004,0.93%,58809.49,Y,0,0,G,-,,N,-,buy,-,26-01-03,281.53,7.50,4.04,2.4%,1.9%,"转债占流动市值比：2.4%
转债占总市值比：1.9%",0.00,002455,sz128093,有效期：-；质押代码：128093,128093；2020-07-09 开始转股,全价：277.004 最后更新：15:14:03
113615,金诚转债,sh603979,金诚信,C,12.65,2021-06-09,2021-06-29,2026-12-22,2024-12-23,,,100.000,y,41.91,30,30,0,0.00,,,6.64,112.000,n,130.000,15,30,30,,N,10.000,8.665,AA,AA,无担保,,,,shmb,2021年8月3日公告：本次（2021年6月29日至2021年8月3日）不行使提前赎回权利，至2021年11月3日均不提前赎回,,113615,113615,1.7320,753979,754979,,N,N,71.880,buy,,,2.54,N,593964099.0,593964099.0,Y,21.13,11048.61,0.05%,00,buy,buy,buy,14:59:59,167.04,4.59%,5.200,-7.50%,-8.02%,174.710,174.710,-0.82%,10113.23,Y,0,0,G,-,,N,-,buy,-,26-12-22,179.30,16.45,8.86,6.9%,6.9%,"转债占流动市值比：6.9%
转债占总市值比：6.9%",0.00,603979,sh113615,有效期：-；质押代码：113615,113615；2021-06-29 开始转股,全价：174.710 最后更新：14:59:59
110061,川投转债,sh600674,川投能源,C,9.20,2021-07-15,2020-05-15,2025-11-10,2023-11-10,,,100.000,y,49.88,30,30,0,1.01,2021-10-12,2021-10-12,3.20,106.000,n,130.000,15,30,19,,N,40.000,39.616,AAA,AAA,无担保,,,,shmb,2021年9月28日公告：本次（2021年9月6日至2021年9月28日）期间不行使提前赎回权利，至2022年9月28日均不提前赎回,,110061,110061,0.9080,704674,733674,,N,N,81.590,buy,R,,1.92,N,4406152075.0,4406063276.0,Y,12.91,31411.19,-3.94%,00,buy,buy,buy,14:59:56,140.33,4.71%,4.085,-6.81%,-7.24%,146.930,146.930,-1.96%,18807.83,Y,0,0,G,-,,N,-,buy,-,25-11-10,151.64,11.96,6.44,7.0%,7.0%,"转债占流动市值比：7.0%
转债占总市值比：7.0%",0.00,600674,sh110061,有效期：2021-10-12 到 2021-10-12；质押代码：110061,110061；2020-05-15 开始转股,全价：146.930 最后更新：14:59:56
113541,荣晟转债,sh603165,荣晟环保,C,10.84,2021-05-17,2020-02-03,2025-07-22,2023-07-24,,,100.000,y,57.40,30,30,0,0.00,,,11.93,110.000,n,130.000,15,30,1,,X,3.300,1.632,AA-,AA-,股份质押和保证,,,,shmb,,,113541,113541,1.8600,753165,754165,,N,N,24.502,buy,,,2.02,N,263169621.0,263166028.0,Y,13.22,2780.15,-1.49%,00,buy,buy,buy,14:59:50,121.96,4.73%,3.781,-2.94%,-3.59%,127.720,127.720,-1.86%,2499.49,Y,1,1,,-,,N,-,buy,-,25-07-22,132.45,14.09,7.59,4.7%,4.7%,"转债占流动市值比：4.7%
转债占总市值比：4.7%",0.00,603165,sh113541,有效期：-；质押代码：113541,113541；2020-02-03 开始转股,全价：127.720 最后更新：14:59:50
123069,金诺转债,sz300505,川金诺,C,19.09,2021-07-14,2021-04-22,2026-10-15,2024-10-15,,,100.000,y,34.75,30,30,0,0.00,,,652.85,120.000,n,130.000,15,30,30,,N,3.680,2.251,AA-,AA-,无担保,,,,szcy,2021年9月10日公告：本次（2021年8月23日至2021年9月10日）不行使金诺转债的提前赎回权利，不提前赎回,,123069,123069,2.8159,380505,370505,,N,N,76.337,buy,,,4.93,N,138158261.0,96551526.0,Y,38.45,57966.06,4.06%,00,buy,buy,buy,15:14:03,201.41,4.81%,5.014,-9.95%,-10.68%,211.100,211.100,5.03%,311424.01,Y,0,0,G,-,,N,-,buy,-,26-10-15,215.91,24.82,13.36,6.1%,4.2%,"转债占流动市值比：6.1%
转债占总市值比：4.2%",0.00,300505,sz123069,有效期：-；质押代码：123069,123069；2021-04-22 开始转股,全价：211.100 最后更新：15:14:03
128100,搜特转债,sz002503,搜于特,C,1.62,2021-08-17,2020-09-18,2026-03-11,2024-03-11,,,100.000,y,70.88,30,30,0,0.00,,,5.42,112.000,n,130.000,15,30,0,,X,8.000,7.993,A,A,无担保,,,,szmb,,,128100,128100,0.2622,082503,072503,,N,N,9.330,buy,R,,2.03,N,3092771219.0,2542967569.0,Y,1.60,7470.50,0.00%,00,buy,buy,buy,15:14:03,98.77,5.53%,4.416,2.69%,1.99%,104.227,104.227,-0.55%,4537.85,Y,2,2,,-,,N,-,buy,-,26-03-11,109.76,2.11,1.13,19.6%,16.2%,"转债占流动市值比：19.6%
转债占总市值比：16.2%",0.00,002503,sz128100,有效期：-；质押代码：128100,128100；2020-09-18 开始转股,全价：104.227 最后更新：15:14:03
113591,胜达转债,sh603687,大胜达,C,8.76,2021-06-11,2021-01-08,2026-06-30,2024-07-01,,,100.000,y,61.01,30,30,0,0.00,,,11.38,116.000,n,130.000,15,30,0,,X,5.500,5.497,AA-,AA-,股票质押担保,,,,shmb,,,113591,113591,1.3300,753687,754687,,N,N,69.650,buy,,,2.28,N,410859829.0,141816103.0,Y,10.05,6843.35,2.76%,00,buy,buy,buy,14:59:50,114.73,5.63%,4.721,0.09%,-0.69%,121.190,121.190,1.91%,7531.56,Y,2,2,,-,,N,-,buy,-,26-06-30,126.82,11.39,6.13,38.6%,13.3%,"转债占流动市值比：38.6%
转债占总市值比：13.3%",0.00,603687,sh113591,有效期：-；质押代码：113591,113591；2021-01-08 开始转股,全价：121.190 最后更新：14:59:50
123084,高澜转债,sz300499,高澜股份,C,9.01,2021-09-22,2021-06-16,2026-12-09,2024-12-09,,,100.000,y,51.87,30,30,0,0.00,,,18.74,115.000,n,130.000,15,30,29,,N,2.800,2.678,A+,A+,无担保,,,,szcy,2021年9月22日公告： 本次（2021年8月30日至2021年9月17日）不行使提前赎回权利，至2021年12月31日前均不提前赎回,,123084,123084,1.0061,380499,370499,,N,N,67.220,buy,,,3.71,N,279308845.0,239149148.0,Y,12.16,5614.90,-2.72%,00,buy,buy,buy,15:14:03,134.96,5.63%,5.164,-3.06%,-3.74%,142.554,142.554,-1.67%,7188.79,Y,1,1,G,-,,N,-,buy,-,26-12-09,148.18,11.71,6.31,9.2%,7.9%,"转债占流动市值比：9.2%
转债占总市值比：7.9%",0.00,300499,sz123084,有效期：-；质押代码：123084,123084；2021-06-16 开始转股,全价：142.554 最后更新：15:14:03
113536,三星转债,sh603578,三星新材,C,13.76,2021-05-28,2019-12-06,2025-05-30,2023-05-31,,,100.000,y,58.23,30,30,0,0.00,,,13.06,110.000,n,130.000,15,30,0,,X,1.920,1.491,AA,A+,德清联创科技新城建设有限公司为本次发行可转债提供连带责任保证担保,,,,shmb,,,113536,113536,2.1390,753578,754578,,N,N,35.470,buy,,,2.70,N,128394992.0,128000120.0,Y,16.54,4745.51,2.80%,00,buy,buy,buy,14:59:51,120.20,5.94%,3.636,-2.98%,-3.65%,127.340,127.340,1.04%,2465.65,Y,0,0,,-,,N,-,buy,-,25-05-30,133.28,17.89,9.63,7.0%,7.0%,"转债占流动市值比：7.0%
转债占总市值比：7.0%",0.00,603578,sh113536,有效期：-；质押代码：113536,113536；2019-12-06 开始转股,全价：127.340 最后更新：14:59:51
123073,同和转债,sz300636,同和药业,C,14.82,2021-05-18,2021-05-06,2026-10-25,2024-10-26,,,100.000,y,60.03,30,30,0,0.00,,,17.87,116.000,n,130.000,20,30,0,,X,3.600,3.589,A+,A+,无担保,,,,szcy,,,123073,123073,2.7989,380636,370636,,N,N,70.695,buy,,,4.19,N,205864225.0,170801259.0,Y,17.28,10029.88,-0.23%,00,buy,buy,buy,15:14:03,116.60,6.08%,5.041,-0.21%,-0.96%,123.693,123.693,-0.41%,7978.87,Y,1,1,,-,,N,-,buy,-,26-10-25,129.77,19.27,10.37,12.2%,10.1%,"转债占流动市值比：12.2%
转债占总市值比：10.1%",0.00,300636,sz123073,有效期：-；质押代码：123073,123073；2021-05-06 开始转股,全价：123.693 最后更新：15:14:03
128075,远东转债,sz002406,远东传动,C,5.29,2021-07-13,2020-03-27,2025-09-23,2023-09-25,,,100.000,y,61.21,30,30,0,0.00,,,3.67,110.000,n,130.000,15,30,0,,N,8.940,5.438,AA,AA,无担保,,,,szmb,公司8月26日公告：本次（2020年7月14日至2020年8月24日）不行使远东转债的提前赎回权利，未来三个月亦不提前赎回,,128075,128075,1.5930,082406,072406,,N,N,42.076,buy,,,1.13,N,624156627.0,496147030.0,Y,6.05,2518.39,-1.14%,00,buy,buy,buy,15:14:03,114.37,6.18%,3.953,-1.55%,-2.18%,121.439,121.439,-0.32%,2422.30,Y,0,0,G,-,,N,-,buy,-,25-09-23,127.62,6.88,3.70,18.1%,14.4%,"转债占流动市值比：18.1%
转债占总市值比：14.4%",0.00,002406,sz128075,有效期：-；质押代码：128075,128075；2020-03-27 开始转股,全价：121.439 最后更新：15:14:03
128094,星帅转债,sz002860,星帅尔,C,13.80,2021-06-08,2020-07-22,2026-01-16,2024-01-16,,,100.000,y,56.33,30,30,0,0.00,,,2.33,115.000,n,130.000,15,30,24,,N,2.800,2.185,A+,A+,股份质押和保证,,,,szmb,2021年8月10日公告：本次（2021年6月28日至2021年8月6日）不行使提前赎回权利，至2021年12月31日均不提前赎回,,128094,128094,2.3897,082860,072860,,N,N,75.030,buy,,,3.14,N,203507210.0,146446212.0,Y,17.15,2202.97,-1.72%,00,buy,buy,buy,15:14:03,124.28,6.21%,4.268,-2.06%,-2.88%,131.999,131.999,-1.26%,673.38,Y,0,0,G,-,,N,-,buy,-,26-01-16,138.21,17.94,9.66,8.7%,6.3%,"转债占流动市值比：8.7%
转债占总市值比：6.3%",0.00,002860,sz128094,有效期：-；质押代码：128094,128094；2020-07-22 开始转股,全价：131.999 最后更新：15:14:03
123028,清水转债,sz300437,清水源,C,11.84,2020-06-15,2019-12-25,2025-06-18,2023-06-19,,,100.000,y,45.92,30,30,0,0.00,,,298.28,115.000,n,130.000,15,30,9,,X,4.900,2.959,A+,A+,无担保,,,,szcy,,,123028,123028,2.2443,380437,370437,,N,N,33.080,buy,,,3.46,N,234024746.0,152772246.0,Y,18.05,69546.20,-15.93%,00,buy,buy,buy,15:14:03,152.45,6.43%,3.688,-7.82%,-8.68%,162.258,162.258,-10.60%,146130.65,Y,0,0,,-,,N,-,buy,-,25-06-18,168.69,15.39,8.29,10.7%,7.0%,"转债占流动市值比：10.7%
转债占总市值比：7.0%",0.00,300437,sz123028,有效期：-；质押代码：123028,123028；2019-12-25 开始转股,全价：162.258 最后更新：15:14:03
128081,海亮转债,sz002203,海亮股份,C,9.69,2021-06-23,2020-05-27,2025-11-21,2023-11-21,,,100.000,y,59.66,30,30,0,0.00,,,1.10,110.000,n,130.000,15,30,0,,X,31.500,30.061,AA,AA,无担保,,,,szmb,,,128081,128081,1.6136,082203,072203,,N,N,64.450,buy,R,,2.16,N,1966849140.0,1862073476.0,Y,11.37,7646.83,-0.26%,00,buy,buy,buy,15:14:03,117.34,6.53%,4.115,-2.07%,-2.70%,125.000,125.000,-0.40%,4074.50,Y,0,0,,-,,N,-,buy,-,25-11-21,131.53,12.60,6.78,14.2%,13.4%,"转债占流动市值比：14.2%
转债占总市值比：13.4%",0.00,002203,sz128081,有效期：-；质押代码：128081,128081；2020-05-27 开始转股,全价：125.000 最后更新：15:14:03
113548,石英转债,sh603688,石英股份,C,14.93,2021-05-28,2020-05-06,2025-10-27,2023-10-27,,,100.000,y,26.83,30,30,0,0.00,,,91.15,118.000,n,130.000,15,30,30,,N,3.600,1.227,AA-,AA-,股份质押和保证,,,,shmb,2021年8月3日公告，本次（2021年06月22日至2021年08月02日）不行使石英转债的提前赎回权利，至2021年12月31日均不提前赎回,,113548,113548,1.0780,753688,754688,,N,N,43.700,buy,R,,6.85,N,352978538.0,352971937.0,Y,38.95,16952.02,3.40%,00,buy,buy,buy,15:00:00,260.88,6.57%,4.047,-18.36%,-19.12%,278.030,278.030,1.22%,31093.13,Y,0,0,G,-,,N,-,buy,-,25-10-27,284.60,19.41,10.45,0.9%,0.9%,"转债占流动市值比：0.9%
转债占总市值比：0.9%",0.00,603688,sh113548,有效期：-；质押代码：113548,113548；2020-05-06 开始转股,全价：278.030 最后更新：15:00:00
128017,金禾转债,sz002597,金禾实业,C,21.97,2021-05-21,2018-08-07,2023-11-01,2021-11-01,,,100.000,y,36.26,30,30,0,0.00,,,38.38,106.000,n,130.000,15,30,30,,N,6.000,5.520,AA,AA,无担保,,,,szmb,公司董事会8月12日公告，本次（2020年7月1日至2020年8月11日）不行使金禾转债的提前赎回权利，不提前赎回,,128017,128017,1.0633,082597,072597,,N,N,89.139,buy,R,,4.63,N,560909624.0,559482657.0,Y,42.41,60451.72,9.05%,00,buy,buy,buy,15:14:03,193.04,6.72%,2.058,-27.00%,-27.52%,206.000,206.000,4.04%,43299.95,Y,0,0,G,-,,N,-,buy,-,23-11-01,212.72,28.56,15.38,2.3%,2.3%,"转债占流动市值比：2.3%
转债占总市值比：2.3%",0.00,002597,sz128017,有效期：-；质押代码：128017,128017；2018-08-07 开始转股,全价：206.000 最后更新：15:14:03
127011,中鼎转2,sz000887,中鼎股份,C,11.39,2021-06-07,2019-09-16,2025-03-08,2023-03-08,,,100.000,y,54.39,30,30,0,0.00,,,1.40,110.000,n,130.000,15,30,26,,N,12.000,11.996,AA+,AA+,无担保,,,,szmb,2021年8月24日公告：本次（2021年7月12日至2021年8月20日）不提前赎回，至2021年11月22日均不提前赎回,,127011,127011,0.9829,080887,070887,,N,N,63.530,buy,R,,1.94,N,1220853166.0,1218260743.0,Y,14.66,21088.04,-0.81%,00,buy,buy,buy,15:14:03,128.71,7.06%,3.408,-5.39%,-6.09%,137.801,137.801,-1.43%,2339.60,Y,0,0,G,-,,N,-,buy,-,25-03-08,144.86,14.81,7.97,6.7%,6.7%,"转债占流动市值比：6.7%
转债占总市值比：6.7%",0.00,000887,sz127011,有效期：-；质押代码：127011,127011；2019-09-16 开始转股,全价：137.801 最后更新：15:14:03
110079,杭银转债,sh600926,杭州银行,C,12.99,2021-08-30,2021-10-08,2027-03-29,,,,,y,,0,0,0,0.83,2021-10-12,2021-10-12,1.68,108.000,n,130.000,15,30,0,,X,150.000,150.000,AAA,AAA,无,,,,shmb,,,110079,110079,2.5290,704926,733926,,N,N,42.340,buy,R,,1.06,Y,5930200432.0,5041360267.0,Y,15.26,52820.46,2.01%,00,buy,buy,buy,14:59:51,117.47,7.09%,5.466,-2.07%,-2.47%,125.800,125.800,0.57%,32011.06,Y,1,1,,-,,N,-,buy,-,27-03-29,132.89,16.89,-,19.5%,16.6%,"转债占流动市值比：19.5%
转债占总市值比：16.6%",0.00,600926,sh110079,有效期：2021-10-12 到 2021-10-12；质押代码：110079,110079；2021-10-08 开始转股,全价：125.800 最后更新：14:59:51
127040,国泰转债,sz002091,江苏国泰,C,9.02,,2022-01-13,2027-07-06,2025-07-07,,,100.000,y,51.17,30,30,0,0.00,,,1.64,108.000,n,130.000,15,30,0,,X,45.574,45.574,AA+,AA+,无,,,,szmb,,,未到转股期,127040,2.9100,082091,072091,,N,N,65.940,buy,R,,2.09,N,1563536598.0,1513016522.0,Y,12.34,26638.13,-0.80%,00,buy,buy,buy,15:14:03,136.81,7.09%,5.737,-4.56%,-4.92%,146.501,146.501,-1.14%,11060.92,Y,0,0,,-,,N,-,buy,-,27-07-06,153.59,11.73,6.31,24.4%,23.6%,"转债占流动市值比：24.4%
转债占总市值比：23.6%",0.00,002091,sz127040,有效期：-；质押代码：127040,未到转股期；2022-01-13 开始转股,全价：146.501 最后更新：15:14:03
127020,中金转债,sz000060,中金岭南,C,4.63,2021-06-18,2021-01-25,2026-07-19,2024-07-22,,,100.000,y,61.85,30,30,0,0.00,,,1.39,110.000,n,130.000,15,30,10,,X,38.000,34.280,AA+,AA+,无担保,,,,szmb,,,127020,127020,1.0645,080060,070060,,N,N,55.990,buy,R,,1.49,N,3650018990.0,3648891565.0,Y,5.24,39384.03,0.58%,00,buy,buy,buy,15:14:03,113.17,7.26%,4.773,-1.42%,-1.91%,121.390,121.390,0.33%,5746.53,Y,0,0,,-,,N,-,buy,-,26-07-19,128.65,6.02,3.24,17.9%,17.9%,"转债占流动市值比：17.9%
转债占总市值比：17.9%",0.00,000060,sz127020,有效期：-；质押代码：127020,127020；2021-01-25 开始转股,全价：121.390 最后更新：15:14:03
123085,万顺转2,sz300057,万顺新材,C,6.20,2021-05-17,2021-06-17,2026-12-10,2024-12-10,,,100.000,y,56.44,30,30,0,0.00,,,1.34,108.000,n,130.000,15,30,16,,N,9.000,8.666,AA-,AA-,无担保,,,,szcy,2021年9月30日公告：本次（2021年8月16日至2021年9月29日）不行使提前赎回权利，至2021年12月31日均不提前赎回,,123085,123085,1.3341,380057,370057,,N,N,66.940,buy,,,1.46,N,674652341.0,496968588.0,Y,7.69,6472.36,-3.03%,00,buy,buy,buy,15:14:03,124.03,7.47%,5.167,-3.16%,-3.60%,133.299,133.299,-1.95%,1558.92,Y,0,0,G,-,,N,-,buy,-,26-12-10,140.77,8.06,4.34,22.7%,16.7%,"转债占流动市值比：22.7%
转债占总市值比：16.7%",0.00,300057,sz123085,有效期：-；质押代码：123085,123085；2021-06-17 开始转股,全价：133.299 最后更新：15:14:03
113025,明泰转债,sh601677,明泰铝业,C,11.00,2021-05-14,2019-10-16,2025-04-09,2023-04-10,,,100.000,y,22.75,30,30,0,0.00,,,17.19,110.000,n,130.000,15,30,30,,N,18.390,10.968,AA,AA,无担保,,,,shmb,2021年7月19日公告：本次（2021年6月29日至2021年7月19日）不行使明泰转债的提前赎回权利，至2022年1月19日均不提前赎回,,113025,113025,3.1170,764677,783677,,N,N,24.000,buy,,,2.41,N,682570060.0,682409070.0,Y,33.85,66171.78,1.65%,00,buy,buy,buy,14:59:59,307.73,7.79%,3.496,-26.57%,-27.05%,331.690,331.690,1.47%,63428.88,Y,0,0,G,-,,N,-,buy,-,25-04-09,339.48,14.30,7.70,4.7%,4.7%,"转债占流动市值比：4.7%
转债占总市值比：4.7%",0.00,601677,sh113025,有效期：-；质押代码：113025,113025；2019-10-16 开始转股,全价：331.690 最后更新：14:59:59
127043,川恒转债,sz002895,川恒股份,C,21.02,,2022-02-18,2027-08-11,2025-08-11,,,100.000,y,45.36,30,30,0,0.00,,,14.03,115.000,n,130.000,15,30,0,,X,11.600,11.600,AA-,AA-,无担保,,,,szmb,,,未到转股期,127043,2.3749,082895,072895,,N,N,59.730,-,,,5.19,N,488423000.0,483212500.0,Y,32.44,44948.64,-1.91%,00,buy,buy,buy,15:14:03,154.33,7.82%,5.836,-5.40%,-5.96%,166.400,166.400,1.16%,26975.78,Y,0,0,,-,,N,-,buy,-,27-08-11,174.22,27.33,14.71,7.4%,7.3%,"转债占流动市值比：7.4%
转债占总市值比：7.3%",0.00,002895,sz127043,有效期：-；质押代码：127043,未到转股期；2022-02-18 开始转股,全价：166.400 最后更新：15:14:03
113545,金能转债,sh603113,金能科技,C,10.43,2021-05-31,2020-04-20,2025-10-13,2023-10-13,,,100.000,y,42.92,30,30,0,0.00,,,6.32,110.000,n,130.000,15,30,30,,N,15.000,9.867,AA,AA,无担保,,,,shmb,2021年7月16日公告：本次（2021年6月26日至7月16日）不行使金能转债的提前赎回权利，至2021年10月15日前均不提前赎回,,113545,113545,2.2190,753113,754113,,N,N,47.100,buy,R,,1.66,N,855069070.0,720679456.0,Y,17.01,16889.63,1.43%,00,buy,buy,buy,14:59:58,163.09,7.91%,4.008,-10.28%,-10.84%,175.980,175.980,0.55%,11026.01,Y,0,0,G,-,,N,-,buy,-,25-10-13,183.89,13.56,7.30,8.0%,6.8%,"转债占流动市值比：8.0%
转债占总市值比：6.8%",0.00,603113,sh113545,有效期：-；质押代码：113545,113545；2020-04-20 开始转股,全价：175.980 最后更新：14:59:58
110070,凌钢转债,sh600231,凌钢股份,C,2.69,2021-07-15,2020-10-19,2026-04-12,2024-04-12,,,100.000,y,59.59,30,30,0,0.00,,,14.67,112.000,n,130.000,15,30,14,,X,4.400,2.171,AA,AA,无担保,,,,shmb,,,110070,110070,0.1580,704231,733231,,N,N,41.940,buy,R,,0.97,N,2852129323.0,2852125238.0,Y,3.16,4834.78,-0.94%,00,buy,buy,buy,14:59:56,117.47,8.10%,4.504,-1.76%,-2.42%,126.990,126.990,0.93%,4014.16,Y,0,0,,-,,N,-,buy,-,26-04-12,135.09,3.50,1.88,2.4%,2.4%,"转债占流动市值比：2.4%
转债占总市值比：2.4%",0.00,600231,sh110070,有效期：-；质押代码：110070,110070；2020-10-19 开始转股,全价：126.990 最后更新：14:59:56
123098,一品转债,sz300723,一品红,C,25.48,2021-08-25,2021-08-03,2027-01-27,2025-01-27,,,100.000,y,59.26,30,30,0,0.00,,,1.62,118.000,n,130.000,15,30,16,,N,4.800,4.252,AA-,AA-,无担保,,,,szcy,2021年8月23日公告：本次（2021年8月3日至2021年8月23日）不行使一品转债的提前赎回权利，不提前赎回,,123098,123098,3.0423,380723,370723,,N,N,85.150,buy,,,5.55,N,288033713.0,124341073.0,Y,30.10,1736.37,0.00%,00,buy,buy,buy,15:14:03,118.13,8.17%,5.299,-0.58%,-1.32%,127.779,127.779,0.68%,878.48,Y,0,0,G,-,,N,-,buy,-,27-01-27,135.95,33.12,17.84,11.4%,4.9%,"转债占流动市值比：11.4%
转债占总市值比：4.9%",0.00,300723,sz123098,有效期：-；质押代码：123098,123098；2021-08-03 开始转股,全价：127.779 最后更新：15:14:03
113009,广汽转债,sh601238,广汽集团,C,13.92,2021-09-22,2016-07-22,2022-01-22,2021-01-22,,,100.680,n,61.83,30,30,0,0.79,2021-10-12,2021-10-12,4.80,106.000,n,130.000,15,30,12,,X,41.059,25.485,AAA,AAA,无担保,,,,shmb,,,113009,113009,0.9720,,,,N,N,,buy,R,,1.86,N,10357000624.0,7156278989.0,Y,15.76,81227.83,2.60%,00,buy,buy,buy,14:59:44,113.22,8.21%,0.282,-47.79%,-51.26%,122.510,122.510,1.27%,14997.74,Y,0,0,,-,,N,-,buy,-,22-01-22,130.72,18.10,9.74,2.3%,1.6%,"转债占流动市值比：2.3%
转债占总市值比：1.6%",0.00,601238,sh113009,有效期：2021-10-12 到 2021-10-12；质押代码：113009,113009；2016-07-22 开始转股,全价：122.510 最后更新：14:59:44
127030,盛虹转债,sz000301,东方盛虹,C,14.10,2021-06-18,2021-09-27,2027-03-21,2025-03-21,,,100.000,y,40.09,30,30,0,0.00,,,3.36,108.000,n,130.000,15,30,6,,N,50.000,49.994,AA+,AA+,无,,,,szmb,2021年9月22日公告，截止9月22日触发本次不赎回，至2022年3月26日前均不提前赎回,,127030,127030,1.0341,080301,070301,,N,N,77.630,buy,R,,6.13,N,4834903257.0,1731856289.0,Y,24.62,177052.08,-4.72%,00,buy,buy,buy,15:14:03,174.61,8.53%,5.444,-9.25%,-9.61%,189.500,189.500,-6.04%,32182.74,Y,0,0,G,-,,N,-,buy,-,27-03-21,198.03,18.33,9.87,11.7%,4.2%,"转债占流动市值比：11.7%
转债占总市值比：4.2%",0.00,000301,sz127030,有效期：-；质押代码：127030,127030；2021-09-27 开始转股,全价：189.500 最后更新：15:14:03
113505,杭电转债,sh603618,杭电股份,C,7.08,2021-05-28,2018-09-12,2024-03-05,2022-03-06,,,100.000,y,65.04,30,30,0,0.00,,,14.59,108.000,n,130.000,15,30,0,,X,7.800,7.498,AA,AA,无担保,,,,shmb,,,113505,113505,1.1350,753618,754618,,N,N,20.430,buy,R,,1.85,N,691045431.0,691042467.0,Y,7.62,20730.97,-3.79%,00,buy,buy,buy,14:59:53,107.63,8.80%,2.400,-2.13%,-2.97%,117.100,117.100,-2.82%,12796.88,Y,0,0,,-,,N,-,buy,-,24-03-05,125.90,9.20,4.96,14.2%,14.2%,"转债占流动市值比：14.2%
转债占总市值比：14.2%",0.00,603618,sh113505,有效期：-；质押代码：113505,113505；2018-09-12 开始转股,全价：117.100 最后更新：14:59:53
128097,奥佳转债,sz002614,奥佳华,C,10.39,2021-04-30,2020-09-02,2026-02-25,2024-02-26,,,100.000,y,53.52,30,30,0,0.00,,,2.86,110.000,n,130.000,15,30,28,,N,12.000,4.596,AA,AA,无担保,,,,szmb,2021年8月月26日公告，决定在未来半年内，即2021年12月31日前均不行使奥佳转债的提前赎回权利，不提前赎回,,128097,128097,2.1380,082614,072614,,N,N,75.270,buy,,,1.81,N,630594078.0,447981235.0,Y,13.59,9566.37,0.59%,00,buy,buy,buy,15:14:03,130.80,8.97%,4.378,-4.89%,-5.46%,142.531,142.531,-0.02%,1864.72,Y,0,0,G,-,,N,-,buy,-,26-02-25,151.50,13.51,7.27,7.5%,5.4%,"转债占流动市值比：7.5%
转债占总市值比：5.4%",0.00,002614,sz128097,有效期：-；质押代码：128097,128097；2020-09-02 开始转股,全价：142.531 最后更新：15:14:03
123050,聚飞转债,sz300303,聚飞光电,C,5.08,2021-06-30,2020-10-20,2026-04-13,2024-04-15,,,100.000,y,56.53,30,30,0,0.00,,,99.17,118.000,n,130.000,15,30,4,,N,7.050,3.747,AA-,AA-,无担保,,,,szcy,2021年8月10日公告：本次（2021年7月21日至2021年8月10日）不行使聚飞转债的提前赎回权利，不提前赎回,,123050,123050,0.5513,380303,370303,,N,N,43.220,buy,,,3.44,N,1342571366.0,1216263866.0,Y,6.29,44379.51,1.29%,00,buy,buy,buy,15:14:03,123.82,9.19%,4.507,-1.98%,-2.83%,135.200,135.200,0.66%,50588.20,Y,0,0,G,-,,N,-,buy,-,26-04-13,144.39,6.60,3.56,4.9%,4.4%,"转债占流动市值比：4.9%
转债占总市值比：4.4%",0.00,300303,sz123050,有效期：-；质押代码：123050,123050；2020-10-20 开始转股,全价：135.200 最后更新：15:14:03
123100,朗科转债,sz300543,朗科智能,C,11.61,2021-05-26,2021-08-23,2027-02-08,2025-02-10,,,100.000,y,60.56,30,30,0,0.00,,,2.06,112.000,n,130.000,15,30,4,,X,3.800,3.799,AA-,AA-,无,,,,szcy,,,123100,123100,1.8421,380543,380543,,N,N,12.940,buy,,,3.53,N,268163610.0,205721334.0,Y,13.42,3087.44,0.60%,00,buy,buy,buy,15:14:03,115.59,9.25%,5.332,-1.37%,-1.93%,126.280,126.280,-1.39%,992.00,Y,0,0,,-,,N,-,buy,-,27-02-08,135.53,15.09,8.13,13.8%,10.6%,"转债占流动市值比：13.8%
转债占总市值比：10.6%",0.00,300543,sz123100,有效期：-；质押代码：123100,123100；2021-08-23 开始转股,全价：126.280 最后更新：15:14:03
110066,盛屯转债,sh600711,盛屯矿业,C,4.87,2021-07-14,2020-09-07,2026-03-02,2024-03-01,,,100.000,y,29.85,30,30,0,0.00,,,49.45,110.000,n,130.000,15,30,30,,N,23.860,3.834,AA,AA,无担保,,,,shmb,2021年9月18日公告：本次（2021年8月30日至2021年9月17日）不行使盛屯转债提前赎回权利，至2021年10月17日均不提前赎回,,110066,110066,1.0330,704711,733711,,N,N,33.540,buy,R,,2.73,N,2747113628.0,2605838711.0,Y,11.42,103288.10,0.79%,00,buy,buy,buy,14:59:59,234.50,9.29%,4.392,-16.95%,-17.40%,256.280,256.280,2.60%,47913.74,Y,0,0,G,-,,N,-,buy,-,26-03-02,265.57,6.33,3.41,1.3%,1.2%,"转债占流动市值比：1.3%
转债占总市值比：1.2%",0.00,600711,sh110066,有效期：-；质押代码：110066,110066；2020-09-07 开始转股,全价：256.280 最后更新：14:59:59
123112,万讯转债,sz300112,万讯自控,C,8.93,2021-05-28,2021-10-14,2027-04-07,2025-04-07,,,100.000,y,62.57,30,30,0,0.00,,,6.07,118.000,n,130.000,15,30,0,,X,2.457,2.457,AA-,AA-,无,,,,szcy,,,未到转股期,123112,0.8599,380112,370112,,N,N,30.520,buy,,,2.58,N,285747886.0,201309133.0,Y,9.99,4033.73,-1.58%,00,buy,buy,buy,15:14:03,111.87,9.67%,5.490,0.26%,-0.48%,122.690,122.690,-1.58%,1837.88,Y,0,0,,-,,N,-,buy,-,27-04-07,132.36,11.61,6.25,12.2%,8.6%,"转债占流动市值比：12.2%
转债占总市值比：8.6%",0.00,300112,sz123112,有效期：-；质押代码：123112,未到转股期；2021-10-14 开始转股,全价：122.690 最后更新：15:14:03
113614,健20转债,sh603707,健友股份,C,29.12,2021-07-15,2021-06-23,2026-12-16,2024-12-16,,,100.000,y,57.76,30,30,0,0.00,,,2.00,109.000,n,130.000,15,30,0,,X,7.800,7.798,AA,AA,无担保,,,,shmb,,,113614,113614,0.8340,753707,754707,,N,N,85.640,buy,R,,10.34,N,1216854400.0,1214108735.0,Y,35.29,29784.06,-3.10%,00,buy,buy,buy,14:59:43,121.19,9.99%,5.184,-3.00%,-3.46%,133.300,133.300,-1.38%,2087.73,Y,0,0,,-,,N,-,buy,-,26-12-16,143.29,37.86,20.38,1.8%,1.8%,"转债占流动市值比：1.8%
转债占总市值比：1.8%",0.00,603707,sh113614,有效期：-；质押代码：113614,113614；2021-06-23 开始转股,全价：133.300 最后更新：14:59:43
123060,苏试转债,sz300416,苏试试验,C,18.28,2021-04-21,2021-01-27,2026-07-20,2024-07-22,,,100.000,y,54.52,30,30,0,0.00,,,1.73,112.000,n,130.000,15,30,14,,N,3.100,3.097,AA-,AA-,无担保,,,,szcy,2021年9月3日公告：本次（2021年8月2日至2021年9月3日）不行使苏试转债的提前赎回权利，不提前赎回,,123060,123060,1.5243,380416,370416,,N,N,75.120,buy,,,6.09,N,263741274.0,261781524.0,Y,23.47,10753.94,4.31%,00,buy,buy,buy,15:14:03,128.39,10.01%,4.775,-3.90%,-4.50%,141.250,141.250,1.91%,748.03,Y,0,0,G,-,,N,-,buy,-,26-07-20,151.26,23.76,12.80,5.0%,5.0%,"转债占流动市值比：5.0%
转债占总市值比：5.0%",0.00,300416,sz123060,有效期：-；质押代码：123060,123060；2021-01-27 开始转股,全价：141.250 最后更新：15:14:03
113030,东风转债,sh601515,东风股份,C,6.45,2021-05-27,2020-06-30,2025-12-23,2023-12-25,,,100.000,y,61.01,30,30,0,0.00,,,9.42,112.000,n,130.000,15,30,0,,X,2.950,2.949,AA,AA,无担保,,,,shmb,,,113030,113030,0.2210,764515,783515,,N,N,13.210,buy,R,,2.20,N,1334414782.0,1334414162.0,Y,7.40,8746.93,1.09%,00,buy,buy,buy,14:59:54,114.73,10.02%,4.203,-1.85%,-2.54%,126.230,126.230,1.03%,3525.21,Y,0,0,,-,,N,-,buy,-,25-12-23,136.25,8.38,4.51,3.0%,3.0%,"转债占流动市值比：3.0%
转债占总市值比：3.0%",0.00,601515,sh113030,有效期：-；质押代码：113030,113030；2020-06-30 开始转股,全价：126.230 最后更新：14:59:54
128133,奇正转债,sz002287,奇正藏药,C,29.78,2021-07-08,2021-03-29,2026-09-21,2024-09-23,,,100.000,y,64.00,30,30,0,0.00,,,4.73,112.000,n,130.000,15,30,0,,X,8.000,7.996,AA,AA,,,,,szmb,,,128133,128133,1.5088,082287,072287,,N,N,53.460,buy,R,,5.04,N,530357065.0,527951460.0,Y,32.57,20635.26,-4.63%,00,buy,buy,buy,15:14:03,109.37,10.08%,4.948,-0.60%,-1.20%,120.391,120.391,-1.85%,4589.31,Y,0,0,,-,,N,-,buy,-,26-09-21,130.47,38.71,20.85,4.7%,4.6%,"转债占流动市值比：4.7%
转债占总市值比：4.6%",0.00,002287,sz128133,有效期：-；质押代码：128133,128133；2021-03-29 开始转股,全价：120.391 最后更新：15:14:03
123063,大禹转债,sz300021,大禹节水,C,4.83,2021-06-16,2021-02-03,2026-07-27,2025-07-28,,,100.000,y,64.28,30,30,0,0.00,,,1.92,120.000,n,130.000,15,30,0,,X,6.380,6.346,AA-,AA-,无担保,,,,szcy,,,123063,123063,0.8100,380021,370021,,N,N,68.990,buy,,,2.61,N,801071451.0,639327773.0,Y,5.26,5435.06,-0.19%,00,buy,buy,buy,15:14:03,108.90,10.55%,4.795,0.99%,0.09%,120.396,120.396,-1.44%,1468.42,Y,0,0,,-,,N,-,buy,-,26-07-27,130.95,6.28,3.38,18.9%,15.1%,"转债占流动市值比：18.9%
转债占总市值比：15.1%",0.00,300021,sz123063,有效期：-；质押代码：123063,123063；2021-02-03 开始转股,全价：120.396 最后更新：15:14:03
128091,新天转债,sz002873,新天药业,C,16.27,2021-07-14,2020-07-06,2025-12-30,2024-01-01,,,100.000,y,61.96,30,30,0,0.00,,,6.81,113.000,n,130.000,15,30,0,,X,1.770,1.762,A+,A+,房产抵押和股份质押,,,,szmb,,,128091,128091,1.5410,082873,072873,,N,N,46.250,buy,,,2.54,N,117160626.0,111150604.0,Y,18.38,3956.95,1.94%,00,buy,buy,buy,15:14:03,112.97,10.65%,4.222,-1.11%,-1.89%,124.999,124.999,0.97%,1494.05,Y,0,0,,-,,N,-,buy,-,25-12-30,135.65,21.15,11.39,8.6%,8.2%,"转债占流动市值比：8.6%
转债占总市值比：8.2%",0.00,002873,sz128091,有效期：-；质押代码：128091,128091；2020-07-06 开始转股,全价：124.999 最后更新：15:14:03
127018,本钢转债,sz000761,本钢板材,C,5.02,2021-07-19,2021-01-04,2026-06-28,2024-06-28,,,100.000,y,66.68,30,30,0,0.69,2021-10-12,2021-10-12,2.20,119.000,n,130.000,15,30,10,,X,68.000,56.313,AAA,AA+,本钢集团连带责任保证担保,2021-09-22,2021-10-12,2021-09-22 至 2021-10-12 期间暂停转股：2021年中权益分派,szmb,,,127018,127018,1.9566,080761,070761,,N,N,24.760,buy,R,,0.88,N,4108157357.0,3708157357.0,Y,5.27,23811.97,-3.30%,00,buy,buy,buy,15:14:03,104.98,10.88%,4.715,2.10%,1.10%,116.400,116.400,-1.44%,14446.33,N,0,0,,-,,N,-,buy,-,26-06-28,127.28,6.53,3.51,28.8%,26.0%,"转债占流动市值比：28.8%
转债占总市值比：26.0%",0.00,000761,sz127018,有效期：2021-10-12 到 2021-10-12；质押代码：127018,127018；2021-01-04 开始转股;2021-09-22 至 2021-10-12 期间暂停转股：2021年中权益分派,全价：116.400 最后更新：15:14:03
113537,文灿转债,sh603348,文灿股份,C,19.28,2021-06-18,2019-12-16,2025-06-09,2023-06-12,,,100.000,y,43.88,30,30,0,0.00,,,387.02,115.000,n,130.000,15,30,30,,N,8.000,1.408,AA-,AA-,无担保,,,,shmb,2021年8月2日公告：本次不行使文灿转债的提前赎回权利，至2021年11月2日前均不提前赎回,,113537,113537,3.6360,753348,754348,,N,N,18.080,buy,,,3.02,N,262167641.0,257416460.0,Y,30.76,19028.33,7.55%,00,buy,buy,buy,15:00:00,159.54,11.00%,3.663,-10.13%,-10.96%,177.090,177.090,8.20%,96050.08,Y,0,0,G,-,,N,-,buy,-,25-06-09,188.09,25.06,13.50,1.8%,1.7%,"转债占流动市值比：1.8%
转债占总市值比：1.7%",0.00,603348,sh113537,有效期：-；质押代码：113537,113537；2019-12-16 开始转股,全价：177.090 最后更新：15:00:00
128143,锋龙转债,sz002931,锋龙股份,C,12.73,2021-06-08,2021-07-14,2027-01-07,2025-01-07,,,100.000,y,63.65,30,30,0,0.00,,,7.02,115.000,n,130.000,15,30,0,,X,2.450,2.444,A+,A+,股票质押担保,,,,szmb,,,128143,128143,1.7228,082931,072931,,N,N,80.170,buy,,,4.04,N,199139126.0,178662112.0,Y,14.00,4139.18,1.45%,00,buy,buy,buy,15:14:03,109.98,11.02%,5.244,-0.06%,-0.77%,122.100,122.100,1.08%,2097.00,Y,0,0,,-,,N,-,buy,-,27-01-07,133.12,16.55,8.91,9.8%,8.8%,"转债占流动市值比：9.8%
转债占总市值比：8.8%",0.00,002931,sz128143,有效期：-；质押代码：128143,128143；2021-07-14 开始转股,全价：122.100 最后更新：15:14:03
110063,鹰19转债,sh600567,山鹰国际,C,3.26,2021-07-05,2020-06-19,2025-12-12,2023-12-12,,,100.000,y,65.01,30,30,0,0.00,,,1.19,111.000,n,130.000,15,30,0,,X,18.600,18.092,AA+,AA+,无担保,,,,shmb,,,110063,110063,0.4120,704567,733567,,N,N,31.650,buy,R,,0.99,N,4615929240.0,4615929240.0,Y,3.51,29335.74,1.45%,00,buy,buy,buy,14:59:49,107.67,11.12%,4.173,-0.77%,-1.44%,119.640,119.640,-0.17%,2587.26,Y,0,0,,-,,N,-,buy,-,25-12-12,130.76,4.24,2.28,11.2%,11.2%,"转债占流动市值比：11.2%
转债占总市值比：11.2%",0.00,600567,sh110063,有效期：-；质押代码：110063,110063；2020-06-19 开始转股,全价：119.640 最后更新：14:59:49
128145,日丰转债,sz002953,日丰股份,C,13.66,2021-06-02,2021-09-27,2027-03-21,2025-03-21,,,100.000,y,62.37,30,30,0,0.00,,,3.92,110.000,n,130.000,30,30,0,,X,3.800,3.800,AA-,AA-,股份质押的担保方式,,,,szmb,,,128145,128145,2.1854,082953,072953,,N,N,79.780,buy,,,3.14,N,243360219.0,73779226.0,Y,15.33,6775.11,0.33%,00,buy,buy,buy,15:14:03,112.23,11.37%,5.444,-1.48%,-1.97%,124.990,124.990,1.37%,1858.31,Y,0,0,,-,,N,-,buy,-,27-03-21,136.36,17.76,9.56,33.6%,10.2%,"转债占流动市值比：33.6%
转债占总市值比：10.2%",0.00,002953,sz128145,有效期：-；质押代码：128145,128145；2021-09-27 开始转股,全价：124.990 最后更新：15:14:03
110080,东湖转债,sh600133,东湖高新,C,6.05,2021-06-18,2021-10-18,2027-04-12,2025-04-11,,,100.000,y,71.42,30,30,0,0.00,,,1.94,110.000,n,130.000,15,30,0,,X,15.500,15.500,AA,AA,无,,,,shmb,,,未到转股期,110080,1.9480,704133,733133,,N,N,37.440,buy,R,,0.81,Y,795469152.0,795469152.0,Y,5.93,8742.20,1.02%,00,buy,buy,buy,14:59:42,98.02,11.43%,5.504,0.97%,0.48%,109.220,109.220,-0.22%,3294.83,Y,0,0,,-,,N,-,buy,-,27-04-12,120.65,7.87,4.24,32.9%,32.9%,"转债占流动市值比：32.9%
转债占总市值比：32.9%",0.00,600133,sh110080,有效期：-；质押代码：110080,未到转股期；2021-10-18 开始转股,全价：109.220 最后更新：14:59:42
113610,灵康转债,sh603669,灵康药业,C,8.61,2021-05-31,2021-06-07,2026-11-30,2024-11-29,,,100.000,y,67.34,30,30,0,0.00,,,3.06,115.000,n,130.000,15,30,0,,X,5.250,4.585,AA-,AA-,控股股东灵康控股保证的担保方式,,,,shmb,,,113610,113610,0.7350,753669,754669,,N,N,78.680,buy,,,4.54,N,721166988.0,713443018.0,Y,8.95,3367.57,4.43%,00,buy,buy,buy,14:59:51,103.95,11.81%,5.140,0.82%,0.11%,116.230,116.230,1.73%,1622.31,Y,0,0,,-,,N,-,buy,-,26-11-30,128.04,11.19,6.03,7.2%,7.1%,"转债占流动市值比：7.2%
转债占总市值比：7.1%",0.00,603669,sh113610,有效期：-；质押代码：113610,113610；2021-06-07 开始转股,全价：116.230 最后更新：14:59:51
110057,现代转债,sh600420,国药现代,C,9.79,2021-06-25,2019-10-08,2025-03-31,2023-04-01,,,100.000,y,66.02,30,30,0,0.77,2021-10-12,2021-10-12,1.50,106.000,n,130.000,15,30,0,,X,16.160,16.157,AAA,AAA,无担保,,,,shmb,,,110057,110057,1.5290,704420,733420,,N,N,32.790,buy,,,1.26,N,1026964249.0,1026961901.0,Y,10.38,9544.03,0.10%,00,buy,buy,buy,14:59:58,106.03,12.04%,3.471,-2.16%,-2.69%,118.790,118.790,0.28%,2880.82,Y,0,0,,-,,N,-,buy,-,25-03-31,130.83,12.73,6.85,15.2%,15.2%,"转债占流动市值比：15.2%
转债占总市值比：15.2%",0.00,600420,sh110057,有效期：2021-10-12 到 2021-10-12；质押代码：110057,110057；2019-10-08 开始转股,全价：118.790 最后更新：14:59:58
110047,山鹰转债,sh600567,山鹰国际,C,3.30,2021-07-05,2019-05-27,2024-11-21,2022-11-21,,,100.000,y,65.81,30,30,0,0.00,,,2.23,113.000,n,130.000,15,30,0,,X,23.000,22.455,AA+,AA+,无担保,,,,shmb,,,110047,110047,0.5030,704567,733567,,N,N,14.080,buy,R,,0.99,N,4615929240.0,4615929240.0,Y,3.51,29335.74,1.45%,00,buy,buy,buy,14:59:31,106.36,12.25%,3.115,-0.52%,-1.50%,119.390,119.390,0.15%,6000.47,Y,0,0,,-,,N,-,buy,-,24-11-21,131.64,4.29,2.31,13.9%,13.9%,"转债占流动市值比：13.9%
转债占总市值比：13.9%",0.00,600567,sh110047,有效期：-；质押代码：110047,110047；2019-05-27 开始转股,全价：119.390 最后更新：14:59:31
113550,常汽转债,sh603035,常熟汽饰,C,9.33,2021-05-28,2020-05-22,2025-11-17,2023-11-17,,,100.000,y,51.51,30,30,0,0.00,,,4.14,115.000,n,130.000,15,30,30,,N,9.924,2.148,AA-,AA-,无担保,,,,shmb,公司2021年5月12日公告，本次（2021年4月16日至2021年5月11日）不行使常汽转债的提前赎回权利，2021年11月11日前均不提前赎回,,113550,113550,3.5440,753035,754035,,N,N,49.290,buy,,,1.17,N,360741294.0,359134106.0,Y,12.68,4311.51,-0.16%,00,buy,buy,buy,14:59:51,135.91,12.29%,4.104,-5.57%,-6.38%,152.610,152.610,0.16%,1358.58,Y,0,0,G,-,,N,-,buy,-,25-11-17,164.90,12.13,6.53,4.7%,4.7%,"转债占流动市值比：4.7%
转债占总市值比：4.7%",0.00,603035,sh113550,有效期：-；质押代码：113550,113550；2020-05-22 开始转股,全价：152.610 最后更新：14:59:51
123089,九洲转2,sz300040,九洲集团,C,5.68,2021-07-14,2021-06-25,2026-12-20,2024-12-20,,,100.000,y,40.41,30,30,0,0.00,,,142.81,115.000,n,130.000,15,30,30,,N,5.000,3.064,AA-,AA-,无担保,,,,szcy,2021年7月29日公告：本次（2021年6月17日至2021年7月28日）不行使九洲转2的提前赎回权利，至2021年10月29日均不提前赎回,,123089,123089,1.3144,380040,370040,,N,N,61.460,buy,,,2.39,N,587623000.0,455280374.0,Y,9.84,58000.97,-7.87%,00,buy,buy,buy,15:14:03,173.24,12.30%,5.195,-8.89%,-9.49%,194.540,194.540,-3.60%,85035.99,Y,0,0,G,-,,N,-,buy,-,26-12-20,206.84,7.38,3.98,6.8%,5.3%,"转债占流动市值比：6.8%
转债占总市值比：5.3%",0.00,300040,sz123089,有效期：-；质押代码：123089,123089；2021-06-25 开始转股,全价：194.540 最后更新：15:14:03
113626,伯特转债,sh603596,伯特利,C,36.00,,2022-01-05,2027-06-28,2025-06-27,,,100.000,y,51.41,30,30,0,0.00,,,3.39,116.000,n,130.000,15,30,0,,X,9.020,9.020,AA,AA,无,,,,shmb,,,未到转股期,113626,2.2130,753596,754596,,N,N,70.636,buy,,,6.60,N,408561000.0,406626000.0,Y,49.02,15091.58,4.08%,00,buy,buy,buy,14:59:57,136.17,12.40%,5.715,-4.08%,-4.67%,153.050,153.050,2.49%,4644.97,Y,0,0,,-,,N,-,buy,-,27-06-28,165.45,46.80,25.20,4.5%,4.5%,"转债占流动市值比：4.5%
转债占总市值比：4.5%",0.00,603596,sh113626,有效期：-；质押代码：113626,未到转股期；2022-01-05 开始转股,全价：153.050 最后更新：14:59:57
113603,东缆转债,sh603606,东方电缆,C,23.65,2021-05-27,2021-03-30,2026-09-23,2024-09-23,,,100.000,y,57.15,30,30,0,0.00,,,5.07,110.000,n,130.000,15,30,2,,X,8.000,7.998,AA,AA,无担保,,,,shmb,,,113603,113603,1.2230,753606,754606,,N,N,72.364,buy,R,,5.21,N,654111982.0,654108439.0,Y,28.97,35317.82,0.98%,00,buy,buy,buy,14:59:51,122.49,12.49%,4.953,-3.68%,-4.18%,137.800,137.800,-0.09%,5574.96,Y,0,0,,-,,N,-,buy,-,26-09-23,150.29,30.75,16.55,4.2%,4.2%,"转债占流动市值比：4.2%
转债占总市值比：4.2%",0.00,603606,sh113603,有效期：-；质押代码：113603,113603；2021-03-30 开始转股,全价：137.800 最后更新：14:59:51
128046,利尔转债,sz002258,利尔化学,C,18.42,2021-04-13,2019-04-23,2024-10-17,2022-10-17,,,100.000,y,47.39,30,30,0,0.00,,,3.77,108.000,n,130.000,20,30,30,,N,8.520,8.077,AA,AA,无担保,,,,szmb,2021年7月16日公告：本次（2021年6月3日至2021年7月15日）不提前赎回，至2021年12月31日内前均不提前赎回,,128046,128046,1.6247,082258,072258,,N,N,43.380,buy,R,,3.27,N,526767092.0,524183202.0,Y,27.21,25769.68,-1.23%,00,buy,buy,buy,15:14:03,147.72,12.64%,3.019,-12.45%,-13.05%,166.390,166.390,0.91%,5054.52,Y,0,0,G,-,,N,-,buy,-,24-10-17,179.03,23.95,12.89,5.7%,5.6%,"转债占流动市值比：5.7%
转债占总市值比：5.6%",0.00,002258,sz128046,有效期：-；质押代码：128046,128046；2019-04-23 开始转股,全价：166.390 最后更新：15:14:03
123043,正元转债,sz300645,正元智慧,C,15.38,2021-06-09,2020-09-11,2026-03-04,2024-03-04,,,100.000,y,53.59,30,30,0,0.00,,,77.52,115.000,n,130.000,15,30,17,,N,1.750,1.658,A+,A+,无担保,,,,szcy,2021年9月24日公告：本次（2021年8月11日至2021年9月23日）不提前赎回，至2021年12月23日均不提前赎回,,123043,123043,1.3815,380645,370645,,N,N,48.790,buy,,,3.73,N,127647515.0,127647515.0,Y,20.09,4020.61,2.29%,00,buy,buy,buy,15:14:03,130.62,12.66%,4.397,-4.47%,-5.22%,147.166,147.166,0.94%,18902.83,Y,0,0,G,-,,N,-,buy,-,26-03-04,159.83,19.99,10.77,6.5%,6.5%,"转债占流动市值比：6.5%
转债占总市值比：6.5%",0.00,300645,sz123043,有效期：-；质押代码：123043,123043；2020-09-11 开始转股,全价：147.166 最后更新：15:14:03
123082,北陆转债,sz300016,北陆药业,C,8.81,2021-06-29,2021-06-11,2026-12-06,2024-12-06,,,100.000,y,67.77,30,30,0,0.00,,,1.49,115.000,n,130.000,15,30,0,,X,5.000,4.993,A+,A+,无担保,,,,szcy,,,123082,123082,1.0111,380016,370016,,N,N,71.430,buy,,,2.45,N,492856805.0,406758430.0,Y,9.10,4067.16,-1.94%,00,buy,buy,buy,15:14:03,103.29,12.79%,5.156,0.87%,0.15%,116.500,116.500,-1.05%,867.72,Y,1,1,,-,,N,-,buy,-,26-12-06,129.29,11.45,6.17,13.5%,11.1%,"转债占流动市值比：13.5%
转债占总市值比：11.1%",0.00,300016,sz123082,有效期：-；质押代码：123082,123082；2021-06-11 开始转股,全价：116.500 最后更新：15:14:03
128107,交科转债,sz002061,浙江交科,C,5.24,2021-07-13,2020-10-28,2026-04-22,2024-04-22,,,100.000,y,69.60,30,30,0,0.00,,,0.49,110.000,n,130.000,15,30,0,,X,25.000,24.997,AA+,AA+,无担保,,,,szmb,,,128107,128107,1.8173,082061,072061,,N,N,83.390,buy,,,0.80,N,1375698691.0,1375698691.0,Y,5.27,1990.93,-0.57%,00,buy,buy,buy,15:14:03,100.57,12.82%,4.532,0.28%,-0.31%,113.464,113.464,-0.82%,1404.33,Y,0,0,,-,,N,-,buy,-,26-04-22,126.28,6.81,3.67,34.5%,34.5%,"转债占流动市值比：34.5%
转债占总市值比：34.5%",0.00,002061,sz128107,有效期：-；质押代码：128107,128107；2020-10-28 开始转股,全价：113.464 最后更新：15:14:03
110043,无锡转债,sh600908,无锡银行,C,5.61,2021-07-06,2018-08-05,2024-01-30,,,,,y,,15,30,0,0.00,,,0.98,106.000,n,130.000,15,30,0,,X,30.000,29.214,AA+,AA+,无担保,,,,shmb,,,110043,110043,1.6230,704908,733908,,N,N,37.110,buy,,,0.73,N,1861674454.0,1763698205.0,Y,6.02,14909.68,0.84%,00,buy,buy,buy,14:59:16,107.31,12.83%,2.304,-4.79%,-5.42%,121.080,121.080,0.74%,3492.55,Y,2,2,,-,,N,-,buy,-,24-01-30,133.91,7.29,-,27.5%,26.1%,"转债占流动市值比：27.5%
转债占总市值比：26.1%",0.00,600908,sh110043,有效期：-；质押代码：110043,110043；2018-08-05 开始转股,全价：121.080 最后更新：14:59:16
123092,天壕转债,sz300332,天壕环境,C,5.19,2021-07-12,2021-06-30,2026-12-23,2024-12-23,,,100.000,y,45.30,30,30,0,0.00,,,18.34,115.000,n,130.000,15,30,27,,N,4.230,4.229,A+,A+,无,,,,szcy,2021年9月6日公告：本次（2021年7月27日至2021年9月6日）不行使提前赎回权利，至2021年12月31日均不提前赎回,,123092,123092,0.4805,380332,370332,,N,N,55.430,buy,,,2.04,N,880223246.0,840796896.0,Y,8.02,20663.77,-5.42%,00,buy,buy,buy,15:14:03,154.53,12.85%,5.203,-6.84%,-7.47%,174.390,174.390,-5.01%,13837.01,Y,0,0,G,-,,N,-,buy,-,26-12-23,187.24,6.75,3.63,6.3%,6.0%,"转债占流动市值比：6.3%
转债占总市值比：6.0%",0.00,300332,sz123092,有效期：-；质押代码：123092,123092；2021-06-30 开始转股,全价：174.390 最后更新：15:14:03
128140,润建转债,sz002929,润建股份,C,26.40,2021-06-07,2021-06-15,2026-12-04,2024-12-06,,,100.000,y,57.91,30,30,0,0.00,,,25.22,110.000,n,130.000,15,30,0,,X,10.900,10.898,AA,AA,无担保,,,,szmb,,,128140,128140,4.9377,082929,072929,,N,N,83.270,buy,,,2.06,N,220752574.0,161940825.0,Y,31.91,12084.25,10.00%,00,buy,buy,buy,15:14:03,120.87,12.93%,5.151,-3.30%,-3.80%,136.500,136.500,5.16%,37559.18,Y,0,0,,-,,N,-,buy,-,26-12-04,149.43,34.32,18.48,21.1%,15.5%,"转债占流动市值比：21.1%
转债占总市值比：15.5%",0.00,002929,sz128140,有效期：-；质押代码：128140,128140；2021-06-15 开始转股,全价：136.500 最后更新：15:14:03
128087,孚日转债,sz002083,孚日股份,C,4.50,2021-04-28,2020-06-23,2025-12-17,2023-12-18,,,100.000,y,74.82,30,30,0,0.00,,,1.48,108.000,n,130.000,15,30,0,,X,6.500,6.498,AA-,AA-,无担保,,,,szmb,,,128087,128087,0.7403,082083,072083,,N,N,47.200,buy,,,1.03,N,908044645.0,905369444.0,Y,4.21,2066.13,0.48%,00,buy,buy,buy,15:14:03,93.56,13.58%,4.186,1.49%,0.92%,106.259,106.259,0.24%,1021.19,Y,1,1,,-,,N,-,buy,-,25-12-17,119.84,5.85,3.15,17.0%,17.0%,"转债占流动市值比：17.0%
转债占总市值比：17.0%",0.00,002083,sz128087,有效期：-；质押代码：128087,128087；2020-06-23 开始转股,全价：106.259 最后更新：15:14:03
128109,楚江转债,sz002171,楚江新材,C,8.63,2021-05-31,2020-12-10,2026-06-03,2024-06-03,,,100.000,y,59.81,30,30,0,0.00,,,0.71,110.000,n,130.000,15,30,20,,X,18.300,18.226,AA,AA,无担保,,,,szmb,,,128109,128109,1.4176,082171,072171,,N,N,78.850,buy,R,,2.31,N,1334526917.0,1244682198.0,Y,10.10,16689.51,0.40%,00,buy,buy,buy,15:14:03,117.03,13.61%,4.647,-3.15%,-3.69%,132.959,132.959,-0.85%,1723.55,Y,0,0,B,-,,N,-,buy,-,26-06-03,146.57,11.22,6.04,14.5%,13.5%,"转债占流动市值比：14.5%
转债占总市值比：13.5%",0.00,002171,sz128109,有效期：-；质押代码：128109,128109；2020-12-10 开始转股,全价：132.959 最后更新：15:14:03
128033,迪龙转债,sz002658,雪迪龙,C,8.71,2021-05-17,2018-07-03,2023-12-27,2021-12-27,,,100.000,y,64.11,30,30,0,0.00,,,28.97,106.000,n,130.000,15,30,0,,X,5.200,2.979,AA,AA,无担保,2021-10-11,,2021-10-11 起暂停转股：2021年中权益分派股权登记,szmb,,,128033,128033,0.8596,082658,072658,,N,N,70.040,buy,,,2.43,N,630030995.0,332728505.0,Y,9.51,24153.02,-8.29%,00,buy,buy,buy,15:14:03,109.18,13.75%,2.211,-5.91%,-6.59%,124.200,124.200,-3.35%,10850.77,N,1,1,,-,,N,-,buy,-,23-12-27,137.95,11.32,6.10,9.4%,5.0%,"转债占流动市值比：9.4%
转债占总市值比：5.0%",0.00,002658,sz128033,有效期：-；质押代码：128033,128033；2018-07-03 开始转股;2021-10-11 起暂停转股：2021年中权益分派股权登记,全价：124.200 最后更新：15:14:03
110071,湖盐转债,sh600929,雪天盐业,C,6.52,2021-05-31,2021-01-18,2026-07-09,2024-07-09,,,100.000,y,64.19,30,30,0,0.00,,,2.17,110.000,n,130.000,15,30,1,,X,7.200,7.199,AA,AA,无担保,,,,shmb,,,110071,110071,0.7840,704929,733929,,N,N,78.196,buy,R,,2.44,N,931897376.0,917777376.0,Y,7.11,2601.71,-0.28%,00,buy,buy,buy,14:59:56,109.05,13.80%,4.745,-1.64%,-2.19%,124.100,124.100,-1.27%,1937.54,Y,0,0,,-,,N,-,buy,-,26-07-09,137.90,8.48,4.56,11.0%,10.9%,"转债占流动市值比：11.0%
转债占总市值比：10.9%",0.00,600929,sh110071,有效期：-；质押代码：110071,110071；2021-01-18 开始转股,全价：124.100 最后更新：14:59:56
113577,春秋转债,sh603890,春秋电子,C,10.85,2021-09-03,2020-10-20,2026-04-13,2024-04-15,,,100.000,y,66.04,30,30,0,0.00,,,2.30,112.000,n,130.000,15,30,0,,N,2.400,1.780,AA-,AA-,股份质押担保和保证,,,,shmb,2021年4月7日公告，本次（2021年2月22日至2021年4月2日）不行使春秋转债提前赎回权利，不提前赎回,,113577,113577,0.8750,753890,754890,,N,N,71.240,buy,R,,2.61,N,439158125.0,387081590.0,Y,11.50,1545.38,0.00%,00,buy,buy,buy,14:59:04,105.99,13.82%,4.507,-0.56%,-1.24%,120.640,120.640,0.67%,493.09,Y,0,0,G,-,,N,-,buy,-,26-04-13,134.46,14.11,7.59,4.0%,3.5%,"转债占流动市值比：4.0%
转债占总市值比：3.5%",0.00,603890,sh113577,有效期：-；质押代码：113577,113577；2020-10-20 开始转股,全价：120.640 最后更新：14:59:04
123022,长信转债,sz300088,长信科技,C,6.05,2021-06-17,2019-09-23,2025-03-18,2023-03-18,,,100.000,y,51.71,30,30,0,0.00,,,127.26,110.000,n,130.000,15,30,15,,N,12.300,2.566,AA,AA,无担保,,,,szcy,2021年9月22日公告，本次（2021年8月10日至2021年9月22日）不行使提前赎回权利，不提前赎回,,123022,123022,0.5350,380088,370088,,N,N,42.700,buy,R,,2.77,N,2454857456.0,2442630224.0,Y,8.19,71587.20,7.34%,00,buy,buy,buy,15:14:03,135.37,13.83%,3.436,-8.47%,-9.13%,154.100,154.100,5.55%,51034.64,Y,0,0,G,-,,N,-,buy,-,25-03-18,167.93,7.87,4.24,1.3%,1.3%,"转债占流动市值比：1.3%
转债占总市值比：1.3%",0.00,300088,sz123022,有效期：-；质押代码：123022,123022；2019-09-23 开始转股,全价：154.100 最后更新：15:14:03
127035,濮耐转债,sz002225,濮耐股份,C,4.43,,2021-12-01,2026-05-25,2024-05-27,,,100.000,y,67.27,30,30,0,0.00,,,1.66,108.800,n,130.000,15,30,0,,X,6.264,6.264,AA,AA,无,,,,szmb,,,未到转股期,127035,0.6199,082225,072225,,N,N,31.300,buy,,,1.52,N,1010320936.0,812905730.0,Y,4.61,4105.46,-0.65%,00,buy,buy,buy,15:14:03,104.06,14.36%,4.622,-0.81%,-1.37%,119.010,119.010,-0.81%,1241.26,Y,0,0,,-,,N,-,buy,-,26-05-25,133.37,5.76,3.10,16.7%,13.4%,"转债占流动市值比：16.7%
转债占总市值比：13.4%",0.00,002225,sz127035,有效期：-；质押代码：127035,未到转股期；2021-12-01 开始转股,全价：119.010 最后更新：15:14:03
128025,特一转债,sz002728,特一药业,C,14.05,2021-06-03,2018-06-12,2023-12-06,2021-12-06,,,100.000,y,67.59,30,30,0,0.00,,,59.35,106.000,n,130.000,15,30,0,,X,3.540,2.980,AA-,AA-,许丹青的股票 ,,,,szmb,,,128025,128025,1.7700,082728,072728,,N,N,74.250,buy,,,2.89,N,203590426.0,127172926.0,Y,14.55,15967.00,4.75%,00,buy,buy,buy,15:14:03,103.56,14.68%,2.153,-4.05%,-4.78%,118.760,118.760,2.33%,21089.97,Y,1,1,,-,,N,-,buy,-,23-12-06,133.44,18.27,9.84,16.1%,10.1%,"转债占流动市值比：16.1%
转债占总市值比：10.1%",0.00,002728,sz128025,有效期：-；质押代码：128025,128025；2018-06-12 开始转股,全价：118.760 最后更新：15:14:03
128029,太阳转债,sz002078,太阳纸业,C,8.45,2021-07-08,2018-06-28,2022-12-22,2020-12-22,,,100.000,y,50.13,30,30,0,0.00,,,1.41,106.000,n,130.000,15,30,30,,X,12.000,9.087,AA+,AA+,无担保,,,,szmb,,,128029,128029,0.4628,082078,072078,,N,N,73.570,buy,R,,1.74,N,2686996565.0,2612705815.0,Y,11.80,32481.94,-0.84%,00,buy,buy,buy,15:14:03,139.64,14.73%,1.197,-28.79%,-29.54%,160.213,160.213,-0.68%,2054.88,Y,0,0,B,-,,N,-,buy,-,22-12-22,174.94,10.98,5.92,2.9%,2.9%,"转债占流动市值比：2.9%
转债占总市值比：2.9%",0.00,002078,sz128029,有效期：-；质押代码：128029,128029；2018-06-28 开始转股,全价：160.213 最后更新：15:14:03
123080,海波转债,sz300517,海波重科,C,11.58,2021-06-01,2021-06-08,2026-12-01,2024-12-02,,,100.000,y,68.06,30,30,0,0.00,,,1.61,120.000,n,130.000,15,30,0,,X,2.450,2.437,A+,A+,无担保,,,,szcy,,,123080,123080,2.2955,380517,370517,,N,N,77.246,buy,,,2.53,N,192219535.0,112612330.0,Y,11.91,1615.74,1.10%,00,buy,buy,buy,15:14:03,102.85,14.91%,5.142,1.36%,0.50%,118.186,118.186,0.70%,463.80,Y,0,0,,-,,N,-,buy,-,26-12-01,133.10,15.05,8.11,18.2%,10.6%,"转债占流动市值比：18.2%
转债占总市值比：10.6%",0.00,300517,sz123080,有效期：-；质押代码：123080,123080；2021-06-08 开始转股,全价：118.186 最后更新：15:14:03
128095,恩捷转债,sz002812,恩捷股份,C,64.92,2021-04-30,2020-08-17,2026-02-11,2024-02-12,,,100.000,y,17.89,30,30,0,0.00,,,20.22,110.000,n,130.000,15,30,30,,N,16.000,4.541,AA,AA,无担保,,,,szmb,2021年1月25日公告：本次（2021年1月4日至2021年1月22日）不行使恩捷转债的提前赎回权利，不提前赎回,,128095,128095,1.9866,082812,072812,,N,N,77.840,buy,R,,18.72,N,892405996.0,742446181.0,Y,254.00,288261.09,0.75%,00,buy,buy,buy,15:14:03,391.25,14.99%,4.340,-27.32%,-27.70%,449.900,449.900,2.25%,40867.58,Y,0,0,G,-,,N,-,buy,-,26-02-11,464.89,84.40,45.44,0.2%,0.2%,"转债占流动市值比：0.2%
转债占总市值比：0.2%",0.00,002812,sz128095,有效期：-；质押代码：128095,128095；2020-08-17 开始转股,全价：449.900 最后更新：15:14:03
123097,美力转债,sz300611,美力科技,C,9.28,2021-07-09,2021-08-02,2027-01-26,2025-01-27,,,100.000,y,68.38,30,30,0,0.00,,,1.70,115.000,n,130.000,15,30,0,,X,3.000,2.999,A+,A+,无,,,,szcy,,,123097,123097,1.7295,380611,370611,,N,N,57.250,buy,,,2.14,N,178950550.0,121727800.0,Y,9.50,1430.19,-1.55%,00,buy,buy,buy,15:14:03,102.37,15.13%,5.296,0.60%,-0.10%,117.864,117.864,-0.95%,601.86,Y,0,0,,-,,N,-,buy,-,27-01-26,132.99,12.06,6.50,25.9%,17.6%,"转债占流动市值比：25.9%
转债占总市值比：17.6%",0.00,300611,sz123097,有效期：-；质押代码：123097,123097；2021-08-02 开始转股,全价：117.864 最后更新：15:14:03
128108,蓝帆转债,sz002382,蓝帆医疗,C,18.24,2021-07-07,2020-12-03,2026-05-27,2025-05-27,,,100.000,y,69.81,30,30,0,0.00,,,1.20,108.000,n,130.000,15,30,0,,N,31.440,15.219,AA,AA,无担保,,,,szmb,2021年2月6日公告：本次（2020年12月25日至2021年2月5日）不行使蓝帆转债的提前赎回权利，不提前赎回,,128108,128108,3.2613,082382,072382,,N,N,67.460,buy,R,,1.43,N,1007046047.0,1001989295.0,Y,18.29,18443.34,1.16%,00,buy,buy,buy,15:14:03,100.27,15.38%,4.627,-0.54%,-1.04%,115.700,115.700,0.99%,2107.87,Y,0,0,G,-,,N,-,buy,-,26-05-27,131.08,23.71,12.77,8.3%,8.3%,"转债占流动市值比：8.3%
转债占总市值比：8.3%",0.00,002382,sz128108,有效期：-；质押代码：128108,128108；2020-12-03 开始转股,全价：115.700 最后更新：15:14:03
113047,旗滨转债,sh601636,旗滨集团,C,12.80,2021-06-18,2021-10-15,2027-04-08,2025-04-08,,,100.000,y,52.71,30,30,0,0.00,,,7.93,110.000,n,130.000,15,30,0,,X,15.000,15.000,AA+,AA+,,,,,shmb,,,未到转股期,113047,0.5640,764636,783636,,N,N,65.120,buy,R,,4.13,N,2686216940.0,2686216940.0,Y,17.00,86790.83,-0.58%,00,buy,buy,buy,14:59:59,132.81,15.41%,5.493,-5.31%,-5.73%,153.280,153.280,3.23%,18014.73,Y,0,0,,-,,N,-,buy,-,27-04-08,168.69,16.64,8.96,3.3%,3.3%,"转债占流动市值比：3.3%
转债占总市值比：3.3%",0.00,601636,sh113047,有效期：-；质押代码：113047,未到转股期；2021-10-15 开始转股,全价：153.280 最后更新：14:59:59
123087,明电转债,sz300739,明阳电路,C,16.32,2021-05-24,2021-06-21,2026-12-14,2025-12-15,,,100.000,y,57.87,30,30,0,0.00,,,33.41,115.000,n,130.000,15,30,0,,X,6.730,4.190,AA-,AA-,无担保,,,,szcy,,,123087,123087,2.4094,380739,370739,,N,N,84.410,buy,R,,3.44,N,294784762.0,288238762.0,Y,16.92,14163.08,-1.57%,00,buy,buy,buy,15:14:03,103.68,15.74%,5.178,0.20%,-0.50%,120.000,120.000,-1.72%,17278.18,Y,1,1,,-,,N,-,buy,-,26-12-14,135.74,21.22,9.79,8.6%,8.4%,"转债占流动市值比：8.6%
转债占总市值比：8.4%",0.00,300739,sz123087,有效期：-；质押代码：123087,123087；2021-06-21 开始转股,全价：120.000 最后更新：15:14:03
123023,迪森转债,sz300335,迪森股份,C,6.89,2021-06-08,2019-09-27,2025-03-20,2024-03-20,,,100.000,y,68.80,30,30,0,0.00,,,81.35,110.000,n,130.000,10,20,0,,X,6.000,5.294,AA-,AA-,无担保,,,,szcy,,,123023,123023,1.6532,380335,370335,,N,N,29.760,buy,,,1.75,N,372943350.0,282417362.0,Y,7.01,38056.28,-5.27%,00,buy,buy,buy,15:14:03,101.74,15.78%,3.441,-0.89%,-1.63%,117.800,117.800,-4.14%,50342.86,Y,0,0,,-,,N,-,buy,-,25-03-20,133.58,8.96,4.82,26.7%,20.2%,"转债占流动市值比：26.7%
转债占总市值比：20.2%",0.00,300335,sz123023,有效期：-；质押代码：123023,123023；2019-09-27 开始转股,全价：117.800 最后更新：15:14:03
128037,岩土转债,sz002542,中化岩土,C,3.10,2021-07-07,2018-09-21,2024-03-15,2022-03-15,,,100.000,y,73.81,30,30,0,0.00,,,0.73,108.000,n,130.000,15,30,0,,X,6.037,6.028,AA,AA,无担保,,,,szmb,,,128037,128037,0.3333,082542,072542,,N,N,13.370,buy,,,1.29,N,1805339107.0,1485975856.0,Y,2.94,2277.34,-0.68%,00,buy,buy,buy,15:14:03,94.84,15.92%,2.427,0.52%,-0.34%,109.939,109.939,-0.60%,485.99,Y,1,1,,-,,N,-,buy,-,24-03-15,125.86,4.03,2.17,13.8%,11.4%,"转债占流动市值比：13.8%
转债占总市值比：11.4%",0.00,002542,sz128037,有效期：-；质押代码：128037,128037；2018-09-21 开始转股,全价：109.939 最后更新：15:14:03
128119,龙大转债,sz002726,龙大肉食,C,9.29,2021-08-12,2021-01-18,2026-07-12,2024-07-15,,,100.000,y,63.51,30,30,0,0.00,,,0.61,115.000,n,130.000,30,15,0,,N,9.500,9.462,AA,AA,无担保,,,,szmb,"2021年2月9日公告：本次（2021年1月18日起至2021年2月9日）已有10个交易
日高于转股价的130%，未来满足条件亦不行使提前赎回权利",,128119,128119,0.9516,082726,072726,,N,N,73.670,buy,R,,3.08,N,1078173031.0,993584682.0,Y,10.24,12977.88,0.49%,00,buy,buy,buy,15:14:03,110.23,16.03%,4.753,-1.37%,-2.08%,127.900,127.900,-0.85%,739.23,Y,0,0,G,-,,N,-,buy,-,26-07-12,143.93,12.08,6.50,9.3%,8.6%,"转债占流动市值比：9.3%
转债占总市值比：8.6%",0.00,002726,sz128119,有效期：-；质押代码：128119,128119；2021-01-18 开始转股,全价：127.900 最后更新：15:14:03
113033,利群转债,sh601366,利群股份,C,7.01,2020-07-20,2020-10-09,2026-03-31,2024-04-01,,,100.000,y,77.40,30,30,0,0.00,,,1.20,110.000,n,130.000,15,30,0,,X,18.000,17.998,AA,AA,无担保,,,,shmb,,,113033,113033,2.0910,764366,783366,,N,N,50.370,buy,,,1.21,N,860518810.0,834037615.0,Y,6.34,1044.58,-0.63%,00,buy,buy,buy,14:59:57,90.44,16.10%,4.471,2.08%,1.46%,105.000,105.000,-0.34%,2266.79,Y,0,0,,-,,N,-,buy,-,26-03-31,121.10,9.11,4.91,34.0%,33.0%,"转债占流动市值比：34.0%
转债占总市值比：33.0%",0.00,601366,sh113033,有效期：-；质押代码：113033,113033；2020-10-09 开始转股,全价：105.000 最后更新：14:59:57
110045,海澜转债,sh600398,海澜之家,C,7.04,2021-06-17,2019-01-19,2024-07-13,2022-07-13,,,100.000,y,68.54,30,30,0,0.00,,,0.86,108.000,n,130.000,15,30,0,,X,30.000,29.498,AA+,AA+,无担保,,,,shmb,,,110045,110045,0.6670,704398,733398,,N,N,54.100,buy,R,,2.18,N,4319602472.0,4319599916.0,Y,7.19,7254.62,-0.14%,00,buy,buy,buy,14:59:50,102.13,16.32%,2.756,-2.69%,-3.35%,118.800,118.800,-0.64%,3017.24,Y,1,1,,-,,N,-,buy,-,24-07-13,135.12,9.15,4.93,9.5%,9.5%,"转债占流动市值比：9.5%
转债占总市值比：9.5%",0.00,600398,sh110045,有效期：-；质押代码：110045,110045；2019-01-19 开始转股,全价：118.800 最后更新：14:59:50
110055,伊力转债,sh600197,伊力特,C,16.41,2021-07-15,2019-09-23,2025-03-15,2023-03-15,,,100.000,y,42.42,30,30,0,0.00,,,193.10,110.000,n,130.000,15,30,30,,N,8.760,2.438,AA,AA,无担保,,,,shmb,2021年5月13日公告：本次（自2021年4月15日至2021年5月12日）不行使伊力转债提前赎回权利，至2021年11月12日前均不提前赎回,,110055,110055,1.9860,704197,733197,,N,N,21.760,buy,R,,3.39,N,471945620.0,471937411.0,Y,27.08,40968.19,-1.20%,00,buy,buy,buy,15:00:00,165.02,16.40%,3.427,-14.28%,-14.88%,192.090,192.090,0.04%,91052.29,Y,0,0,G,-,,N,-,buy,-,25-03-15,208.49,21.33,11.49,1.9%,1.9%,"转债占流动市值比：1.9%
转债占总市值比：1.9%",0.00,600197,sh110055,有效期：-；质押代码：110055,110055；2019-09-23 开始转股,全价：192.090 最后更新：15:00:00
113570,百达转债,sh603331,百达精工,C,11.34,2021-06-30,2020-09-17,2026-03-10,2024-03-11,,,100.000,y,72.23,30,30,0,0.00,,,1.46,110.000,n,130.000,15,30,0,,X,2.800,2.799,A+,A+,股份质押的担保,,,,shmb,,,113570,113570,2.1800,753331,754331,,N,N,46.370,buy,,,2.20,N,178159037.0,178158245.0,Y,10.99,739.54,-0.36%,00,buy,buy,buy,14:59:59,96.91,16.41%,4.414,0.42%,-0.18%,112.820,112.820,-1.79%,463.55,Y,0,0,,-,,N,-,buy,-,26-03-10,129.23,14.74,7.94,14.3%,14.3%,"转债占流动市值比：14.3%
转债占总市值比：14.3%",0.00,603331,sh113570,有效期：-；质押代码：113570,113570；2020-09-17 开始转股,全价：112.820 最后更新：14:59:59
113516,苏农转债,sh603323,苏农银行,C,5.37,2021-06-08,2019-02-11,2024-08-01,,,,,n,,15,30,0,0.00,,,2.52,110.000,n,130.000,15,30,0,,X,25.000,12.885,AA+,AA+,无担保,,,,shmb,,,113516,113516,1.7260,753323,754323,,N,N,28.630,buy,R,,0.78,N,1803070253.0,1439992019.0,Y,5.41,13961.91,2.27%,00,buy,buy,buy,14:59:57,100.74,16.44%,2.808,-1.25%,-2.09%,117.310,117.310,1.29%,3849.60,Y,0,0,,-,,N,-,buy,-,24-08-01,133.75,6.98,-,16.5%,13.2%,"转债占流动市值比：16.5%
转债占总市值比：13.2%",0.00,603323,sh113516,有效期：-；质押代码：113516,113516；2019-02-11 开始转股,全价：117.310 最后更新：14:59:57
123118,惠城转债,sz300779,惠城环保,C,17.11,,2022-01-13,2027-07-06,2025-07-07,,,100.000,y,70.25,30,30,0,0.00,,,1.93,115.000,n,130.000,15,30,0,,X,3.200,3.200,A+,A+,无,,,,szcy,,,未到转股期,123118,3.2000,380779,370779,,N,N,33.230,buy,,,2.58,N,100000000.0,69884304.0,Y,17.05,3200.29,-1.90%,00,buy,buy,buy,15:14:03,99.65,16.51%,5.737,0.84%,0.19%,116.100,116.100,-0.10%,716.89,Y,0,0,,-,,N,-,buy,-,27-07-06,132.61,22.24,11.98,26.9%,18.8%,"转债占流动市值比：26.9%
转债占总市值比：18.8%",0.00,300779,sz123118,有效期：-；质押代码：123118,未到转股期；2022-01-13 开始转股,全价：116.100 最后更新：15:14:03
128048,张行转债,sz002839,张家港行,C,5.60,2021-07-08,2019-05-16,2024-11-12,,,,,y,,15,30,0,0.00,,,1.12,109.000,n,130.000,15,30,0,,X,25.000,24.975,AA+,AA+,无担保,,,,szmb,,,128048,128048,1.3831,082839,072839,,N,N,28.880,buy,R,,0.78,N,1807958723.0,1521758107.0,Y,5.85,17779.59,1.56%,00,buy,buy,buy,15:14:03,104.46,16.51%,3.090,-2.34%,-3.09%,121.713,121.713,2.14%,3397.03,Y,0,0,,-,,N,-,buy,-,24-11-12,138.22,7.28,-,28.1%,23.6%,"转债占流动市值比：28.1%
转债占总市值比：23.6%",0.00,002839,sz128048,有效期：-；质押代码：128048,128048；2019-05-16 开始转股,全价：121.713 最后更新：15:14:03
113579,健友转债,sh603707,健友股份,C,32.20,2021-07-15,2020-10-29,2026-04-22,2024-04-22,,,100.000,y,63.87,30,30,0,0.00,,,1.59,109.000,n,130.000,15,30,0,,X,5.030,5.023,AA,AA,无担保,,,,shmb,,,113579,113579,0.7000,753707,754707,,N,N,89.020,buy,R,,10.34,N,1216854400.0,1214108735.0,Y,35.29,29784.06,-3.10%,00,buy,buy,buy,14:59:51,109.60,16.74%,4.532,-2.58%,-3.11%,127.940,127.940,-1.43%,1025.35,Y,0,0,,-,,N,-,buy,-,26-04-22,144.68,41.86,22.54,1.2%,1.2%,"转债占流动市值比：1.2%
转债占总市值比：1.2%",0.00,603707,sh113579,有效期：-；质押代码：113579,113579；2020-10-29 开始转股,全价：127.940 最后更新：14:59:51
128040,华通转债,sz002758,浙农股份,C,10.15,2021-06-07,2018-12-21,2024-06-13,2022-06-14,,,100.000,y,70.49,30,30,0,0.00,,,3.68,108.000,n,130.000,15,30,0,,X,2.240,2.222,AA,AA,出质人钱木水、沈剑巢、朱国良将其合法拥有的公司股票作为质押资产进行质押担保，钱木水、沈剑巢、朱国良为本次发行可转债提供连带责任保证,,,,szmb,,,128040,128040,1.0666,082758,072758,,N,N,29.770,buy,,,1.59,N,487992939.0,195027502.0,Y,10.08,2327.73,0.50%,00,buy,buy,buy,15:14:03,99.31,16.80%,2.674,-1.56%,-2.32%,115.999,115.999,0.10%,947.05,Y,0,0,,-,,N,-,buy,-,24-06-13,132.80,13.20,7.11,11.3%,4.5%,"转债占流动市值比：11.3%
转债占总市值比：4.5%",0.00,002758,sz128040,有效期：-；质押代码：128040,128040；2018-12-21 开始转股,全价：115.999 最后更新：15:14:03
123070,鹏辉转债,sz300438,鹏辉能源,C,20.08,2021-08-17,2021-04-26,2026-10-19,2024-10-21,,,100.000,y,51.11,30,30,0,0.00,,,7.89,110.000,n,130.000,20,30,29,,N,8.900,7.490,AA,AA,无担保,,,,szcy,2021年9月2日公告：本次（2021年8月6日至2021年9月2日）不行使提前赎回权利，至2021年12月31日均不提前赎回,,123070,123070,2.1380,380438,370438,,N,N,72.570,buy,,,4.69,N,426018921.0,322161083.0,Y,27.50,24849.07,1.10%,00,buy,buy,buy,15:14:03,136.95,16.83%,5.025,-6.46%,-6.94%,160.000,160.000,-0.93%,9480.65,Y,0,0,G,-,,N,-,buy,-,26-10-19,176.83,26.10,14.06,8.5%,6.4%,"转债占流动市值比：8.5%
转债占总市值比：6.4%",0.00,300438,sz123070,有效期：-；质押代码：123070,123070；2021-04-26 开始转股,全价：160.000 最后更新：15:14:03
123061,航新转债,sz300424,航新科技,C,14.85,2021-07-06,2021-01-28,2026-07-21,2024-07-22,,,100.000,y,65.62,30,30,0,0.00,,,79.07,118.000,n,130.000,15,30,0,,X,2.500,2.497,A+,A+,无担保,,,,szcy,,,123061,123061,1.0422,380424,370424,,N,N,65.500,buy,,,5.29,N,239882802.0,200523796.0,Y,15.84,7666.70,3.60%,00,buy,buy,buy,15:14:03,106.67,16.85%,4.778,-0.06%,-0.90%,124.641,124.641,1.91%,24770.29,Y,0,0,,-,,N,-,buy,-,26-07-21,141.49,19.30,10.39,7.9%,6.6%,"转债占流动市值比：7.9%
转债占总市值比：6.6%",0.00,300424,sz123061,有效期：-；质押代码：123061,123061；2021-01-28 开始转股,全价：124.641 最后更新：15:14:03
127005,长证转债,sz000783,长江证券,C,7.13,2021-07-20,2018-09-17,2024-03-12,,,,,y,,15,30,0,0.82,2021-10-12,2021-10-12,0.35,105.000,n,130.000,15,30,0,,X,50.000,49.965,AAA,AAA,无担保,,,,szmb,,,127005,127005,0.9042,080783,070783,,N,N,50.330,buy,R,,1.44,N,5529948325.0,5529948325.0,Y,7.71,16000.45,-0.39%,00,buy,buy,buy,15:14:03,108.13,16.98%,2.419,-6.33%,-6.91%,126.500,126.500,0.32%,2227.42,Y,0,0,,-,,N,-,buy,-,24-03-12,143.48,9.27,-,11.7%,11.7%,"转债占流动市值比：11.7%
转债占总市值比：11.7%",0.00,000783,sz127005,有效期：2021-10-12 到 2021-10-12；质押代码：127005,127005；2018-09-17 开始转股,全价：126.500 最后更新：15:14:03
123031,晶瑞转债,sz300655,晶瑞电材,C,10.13,2021-05-07,2020-03-05,2025-08-28,2023-08-28,,,100.000,y,18.05,30,30,0,0.00,,,92.34,111.000,n,130.000,15,30,30,,N,1.850,0.532,A+,A+,无担保,,,,szcy,2021年9月27日公告，本次（2021年9月3日至2021年9月27日）不行使晶瑞转债的提前赎回权利，不提前赎回,,123031,123031,1.2217,380655,370655,,N,N,8.110,buy,,,9.55,N,340659946.0,287139077.0,Y,39.28,35492.80,-1.31%,00,buy,buy,buy,15:14:03,387.76,17.01%,3.882,-30.05%,-30.48%,453.707,453.707,-1.77%,22460.07,Y,0,0,G,-,,N,-,buy,-,25-08-28,470.72,13.17,7.09,0.5%,0.4%,"转债占流动市值比：0.5%
转债占总市值比：0.4%",0.00,300655,sz123031,有效期：-；质押代码：123031,123031；2020-03-05 开始转股,全价：453.707 最后更新：15:14:03
111000,起帆转债,sh605222,起帆电缆,C,20.53,,2021-11-29,2027-05-24,2025-05-23,,,100.000,y,68.34,30,30,0,0.00,,,0.50,115.000,n,130.000,15,30,0,,X,10.000,10.000,AA-,AA-,无,,,,shmb,,,未到转股期,111000,,715222,713222,,N,N,35.980,buy,,,2.72,N,418197000.0,100000000.0,Y,21.03,2446.25,-0.14%,00,buy,buy,buy,14:59:35,102.44,17.03%,5.619,0.09%,-0.53%,119.880,119.880,0.07%,591.01,Y,0,0,,-,,N,-,buy,-,27-05-24,136.91,26.69,14.37,47.6%,11.4%,"转债占流动市值比：47.6%
转债占总市值比：11.4%",0.00,605222,sh111000,有效期：-；质押代码：111000,未到转股期；2021-11-29 开始转股,全价：119.880 最后更新：14:59:35
113609,永安转债,sh603776,永安行,C,16.48,2021-06-11,2021-05-31,2026-11-23,2024-11-25,,,100.000,y,72.46,30,30,0,0.00,,,1.68,115.000,n,130.000,15,30,0,,X,8.860,7.339,AA-,AA-,无担保,,,,shmb,,,113609,113609,4.7620,753776,754776,,N,N,81.304,buy,R,,1.09,N,233444067.0,232727855.0,Y,15.92,4356.54,-1.55%,00,buy,buy,buy,14:59:51,96.60,17.37%,5.121,1.22%,0.52%,113.380,113.380,-0.26%,1397.31,Y,0,0,,-,,N,-,buy,-,26-11-23,130.75,21.42,11.54,19.8%,19.7%,"转债占流动市值比：19.8%
转债占总市值比：19.7%",0.00,603776,sh113609,有效期：-；质押代码：113609,113609；2021-05-31 开始转股,全价：113.380 最后更新：14:59:51
123106,正丹转债,sz300641,正丹股份,C,7.50,2021-06-25,2021-09-30,2027-03-23,2025-03-24,,,100.000,y,70.09,30,30,0,0.00,,,4.86,120.000,n,130.000,15,30,0,,X,3.200,3.200,AA-,AA-,无,,,,szcy,,,123106,123106,0.6582,380641,370641,,N,N,12.377,buy,,,2.45,N,489600665.0,489600665.0,Y,7.49,7845.37,-3.73%,00,buy,buy,buy,15:14:03,99.87,17.66%,5.449,1.24%,0.45%,117.508,117.508,-2.16%,1833.85,Y,0,0,,-,,N,-,buy,-,27-03-23,135.17,9.75,5.25,8.7%,8.7%,"转债占流动市值比：8.7%
转债占总市值比：8.7%",0.00,300641,sz123106,有效期：-；质押代码：123106,123106；2021-09-30 开始转股,全价：117.508 最后更新：15:14:03
113565,宏辉转债,sh603336,宏辉果蔬,C,7.64,2021-05-17,2020-09-03,2026-02-25,2024-02-26,,,100.000,y,72.56,30,30,0,0.00,,,28.02,112.000,n,130.000,15,30,0,,X,3.320,2.253,AA-,AA-,公司实际控制人担保,,,,shmb,,,113565,113565,1.4730,753336,754336,,N,N,80.610,buy,,,3.02,N,438674829.0,438674829.0,Y,7.37,14608.22,2.22%,00,buy,buy,buy,15:00:00,96.47,17.90%,4.378,0.82%,0.10%,113.730,113.730,0.57%,7165.08,Y,0,0,,-,,N,-,buy,-,26-02-25,131.63,9.93,5.35,7.0%,7.0%,"转债占流动市值比：7.0%
转债占总市值比：7.0%",0.00,603336,sh113565,有效期：-；质押代码：113565,113565；2020-09-03 开始转股,全价：113.730 最后更新：15:00:00
128090,汽模转2,sz002510,天汽模,C,4.23,2021-06-30,2020-07-03,2025-12-27,2023-12-27,,,100.000,y,71.35,30,30,0,0.00,,,1.38,110.000,n,130.000,15,30,0,,X,4.710,3.102,AA-,AA-,无担保,,,,szmb,,,128090,128090,0.5114,082510,072510,,N,N,41.350,buy,,,1.86,N,941568193.0,931268742.0,Y,4.15,4454.50,1.22%,00,buy,buy,buy,15:14:03,98.11,17.92%,4.214,-0.17%,-0.80%,115.688,115.688,0.12%,493.79,Y,0,0,,-,,N,-,buy,-,25-12-27,133.61,5.50,2.96,8.0%,7.9%,"转债占流动市值比：8.0%
转债占总市值比：7.9%",0.00,002510,sz128090,有效期：-；质押代码：128090,128090；2020-07-03 开始转股,全价：115.688 最后更新：15:14:03
113502,嘉澳转债,sh603822,嘉澳环保,C,44.64,2021-06-24,2018-05-17,2023-11-09,2021-11-10,,,100.000,y,61.69,30,30,0,0.00,,,16.42,108.000,n,130.000,15,30,0,,X,1.850,1.844,AA-,A+,公司控股股东桐乡市顺昌投资有限公司,,,,shmb,,,113502,113502,2.5220,753822,754822,,N,N,59.814,buy,,,4.34,N,73362532.0,73360248.0,Y,50.65,9977.19,-2.75%,00,buy,buy,buy,14:59:52,113.46,18.16%,2.079,-8.72%,-9.61%,134.070,134.070,-0.59%,4080.79,Y,0,0,,-,,N,-,buy,-,23-11-09,152.23,58.03,31.25,5.0%,5.0%,"转债占流动市值比：5.0%
转债占总市值比：5.0%",0.00,603822,sh113502,有效期：-；质押代码：113502,113502；2018-05-17 开始转股,全价：134.070 最后更新：14:59:52
123081,精研转债,sz300709,精研科技,C,34.15,2021-10-11,2021-06-09,2026-12-02,2024-12-02,,,100.000,y,69.07,30,30,0,0.00,,,7.98,115.000,n,130.000,15,30,0,,X,5.700,5.699,AA-,AA-,无担保,,,,szcy,,,123081,123081,4.9325,380709,370709,,N,N,69.190,buy,,,2.80,N,138632955.0,106829499.0,Y,34.61,13995.78,0.32%,00,buy,buy,buy,15:14:03,101.35,18.17%,5.145,0.25%,-0.45%,119.760,119.760,0.64%,5470.67,Y,1,1,,-,,N,-,buy,-,26-12-02,137.93,44.40,23.91,15.4%,11.9%,"转债占流动市值比：15.4%
转债占总市值比：11.9%",0.00,300709,sz123081,有效期：-；质押代码：123081,123081；2021-06-09 开始转股,全价：119.760 最后更新：15:14:03
127028,英特转债,sz000411,英特集团,C,13.40,2021-05-27,2021-07-12,2027-01-04,2025-01-06,,,100.000,y,75.95,30,30,0,0.00,,,1.72,108.000,n,130.000,15,30,0,,X,6.000,5.999,AA+,AA+,无担保,,,,szmb,,,127028,127028,2.4102,080411,070411,,N,N,52.150,buy,,,1.67,N,248945215.0,207331476.0,Y,12.35,3038.71,2.15%,00,buy,buy,buy,15:14:03,92.16,18.20%,5.236,0.73%,0.27%,108.938,108.938,0.31%,1123.30,Y,1,1,,-,,N,-,buy,-,27-01-04,127.14,17.42,9.38,23.4%,19.5%,"转债占流动市值比：23.4%
转债占总市值比：19.5%",0.00,000411,sz127028,有效期：-；质押代码：127028,127028；2021-07-12 开始转股,全价：108.938 最后更新：15:14:03
123114,三角转债,sz300775,三角防务,C,31.82,,2021-11-30,2027-05-24,2025-05-26,,,100.000,y,49.36,30,30,0,0.00,,,117.15,115.000,n,130.000,15,30,0,,X,9.044,9.044,AA-,AA-,无,,,,szcy,,,未到转股期,123114,1.8251,380775,370775,,N,N,70.489,buy,,,10.12,N,495500000.0,264000000.0,Y,45.13,95506.52,7.84%,00,buy,buy,buy,15:14:03,141.83,18.37%,5.619,-5.76%,-6.34%,167.880,167.880,3.66%,185932.82,Y,0,0,,-,,N,-,buy,-,27-05-24,186.25,41.37,22.27,7.6%,4.0%,"转债占流动市值比：7.6%
转债占总市值比：4.0%",0.00,300775,sz123114,有效期：-；质押代码：123114,未到转股期；2021-11-30 开始转股,全价：167.880 最后更新：15:14:03
113582,火炬转债,sh603678,火炬电子,C,24.99,2021-07-09,2020-12-02,2026-05-27,2024-05-27,,,100.000,y,25.30,30,30,0,0.00,,,11.31,110.000,n,130.000,15,30,30,,N,6.000,4.178,AA,AA,无担保,,,,shmb,2021年8月3日公告，本次（2021年7月14日至2021年8月3日）不行提前赎回权利，至2022年2月3日均不提前赎回,,113582,113582,1.3290,753678,754678,,N,N,73.030,buy,R,,7.45,N,459856892.0,459028492.0,Y,69.14,54585.85,0.38%,00,buy,buy,buy,14:59:46,276.67,18.43%,4.627,-20.54%,-20.94%,327.660,327.660,0.96%,15660.26,Y,0,0,G,-,,N,-,buy,-,26-05-27,346.09,32.49,17.49,1.3%,1.3%,"转债占流动市值比：1.3%
转债占总市值比：1.3%",0.00,603678,sh113582,有效期：-；质押代码：113582,113582；2020-12-02 开始转股,全价：327.660 最后更新：14:59:46
127045,牧原转债,sz002714,牧原股份,C,47.91,,2022-02-21,2027-08-16,2025-08-15,,,100.000,y,60.79,30,30,0,0.00,,,6.40,107.000,n,130.000,15,30,0,,X,95.500,95.500,AA+,AA+,无,,,,szmb,,,未到转股期,127045,1.8145,082714,072714,,N,N,84.360,-,R,,5.20,Y,5263062415.0,3550086604.0,Y,55.17,650404.30,0.86%,00,buy,buy,buy,15:14:03,115.15,18.56%,5.849,-3.51%,-3.83%,136.524,136.524,-1.78%,83925.64,Y,0,0,,-,,N,-,buy,-,27-08-16,155.08,62.28,33.54,4.9%,3.3%,"转债占流动市值比：4.9%
转债占总市值比：3.3%",0.00,002714,sz127045,有效期：-；质押代码：127045,未到转股期；2022-02-21 开始转股,全价：136.524 最后更新：15:14:03
123074,隆利转债,sz300752,隆利科技,C,18.34,2021-08-10,2021-05-06,2026-10-28,2024-10-29,,,100.000,y,61.22,30,30,0,0.00,,,25.98,118.000,n,130.000,15,30,11,,N,3.245,1.479,AA-,AA-,无担保,,,,szcy,2021年8月3日公告：本次（2021年6月23日至2021年8月3日）不行使提前赎回权利，至2021年11月2日均不提前赎回,,123074,123074,2.7097,380752,370752,,N,N,76.930,buy,,,5.26,N,202237114.0,64108049.0,Y,20.97,5630.13,-0.10%,00,buy,buy,buy,15:14:03,114.34,18.61%,5.049,-1.79%,-2.57%,135.620,135.620,0.38%,5190.33,Y,0,0,G,-,,N,-,buy,-,26-10-28,154.23,23.84,12.84,11.0%,3.5%,"转债占流动市值比：11.0%
转债占总市值比：3.5%",0.00,300752,sz123074,有效期：-；质押代码：123074,123074；2021-05-06 开始转股,全价：135.620 最后更新：15:14:03
127038,国微转债,sz002049,紫光国微,C,137.78,,2021-12-17,2027-06-09,2025-06-09,,,100.000,y,48.25,30,30,0,0.00,,,8.28,110.000,n,130.000,15,30,0,,X,15.000,15.000,AA+,AA+,无,,,,szmb,,,未到转股期,127038,2.4719,082049,072049,,N,N,46.570,buy,R,,19.67,N,606817968.0,606817968.0,Y,199.90,175206.28,3.60%,00,buy,buy,buy,15:14:03,145.09,18.62%,5.663,-7.03%,-7.44%,172.105,172.105,-0.80%,21647.03,Y,0,0,,-,,N,-,buy,-,27-06-09,190.72,179.11,96.45,1.2%,1.2%,"转债占流动市值比：1.2%
转债占总市值比：1.2%",0.00,002049,sz127038,有效期：-；质押代码：127038,未到转股期；2021-12-17 开始转股,全价：172.105 最后更新：15:14:03
123078,飞凯转债,sz300398,飞凯材料,C,15.56,2021-05-31,2021-06-03,2026-11-26,2024-11-26,,,100.000,y,66.01,30,30,0,0.00,,,0.34,110.000,n,120.000,15,30,14,,N,8.250,8.146,AA,AA,无担保,,,,szcy,2021年8月24日公告：本次（2021年8月3日至2021年8月23日）不提前赎回，至2021年12月31日均不行使提前赎回权利,,123078,123078,1.5992,380398,370398,,N,N,35.740,buy,R,,2.86,N,516096282.0,509837402.0,Y,16.50,9468.88,0.92%,00,buy,buy,buy,15:14:03,106.04,18.63%,5.129,-1.74%,-2.25%,125.800,125.800,0.63%,351.65,Y,1,1,G,-,,N,-,buy,-,26-11-26,144.43,18.67,10.89,9.7%,9.6%,"转债占流动市值比：9.7%
转债占总市值比：9.6%",0.00,300398,sz123078,有效期：-；质押代码：123078,123078；2021-06-03 开始转股,全价：125.800 最后更新：15:14:03
113011,光大转债,sh601818,光大银行,C,3.55,2021-07-21,2017-09-18,2023-03-17,,,,,n,,0,0,0,0.76,2021-10-12,2021-10-12,0.32,105.000,n,130.000,15,30,0,,X,300.000,241.980,AAA,AAA,无担保,,,,shmb,,,113011,113011,0.7530,764818,783818,4,N,N,,buy,R,,0.41,Y,54031917352.0,41353181852.0,Y,3.48,38167.74,0.87%,00,buy,buy,buy,14:59:53,98.03,19.02%,1.430,-6.06%,-6.89%,116.670,116.670,0.84%,8989.77,Y,0,0,,-,,N,-,buy,-,23-03-17,135.69,4.62,-,16.8%,12.9%,"转债占流动市值比：16.8%
转债占总市值比：12.9%",0.00,601818,sh113011,有效期：2021-10-12 到 2021-10-12；质押代码：113011,113011；2017-09-18 开始转股,全价：116.670 最后更新：14:59:53
128129,青农转债,sz002958,青农商行,C,4.32,2021-07-07,2021-03-01,2026-08-24,,,,,y,,0,0,0,0.71,2021-10-12,2021-10-12,0.43,108.000,n,130.000,15,30,0,,X,50.000,49.998,AAA,AAA,无担保,,,,szmb,,,128129,128129,0.8999,082958,072958,,N,N,63.730,buy,R,,0.67,N,5555598049.0,2705600735.0,Y,3.96,7850.26,0.76%,00,buy,buy,buy,15:14:03,91.67,19.13%,4.871,0.53%,0.08%,109.201,109.201,0.65%,2340.69,Y,1,1,,-,,N,-,buy,-,26-08-24,128.33,5.62,-,46.7%,22.7%,"转债占流动市值比：46.7%
转债占总市值比：22.7%",0.00,002958,sz128129,有效期：2021-10-12 到 2021-10-12；质押代码：128129,128129；2021-03-01 开始转股,全价：109.201 最后更新：15:14:03
128144,利民转债,sz002734,利民股份,C,11.50,2021-09-07,2021-09-06,2027-02-28,2025-02-28,,,100.000,y,72.20,30,30,0,0.00,,,2.10,110.000,n,130.000,15,30,0,,X,9.800,9.799,AA,AA,无,,,,szmb,,,128144,128144,2.6306,082734,072734,,N,N,33.124,buy,,,1.52,N,372514441.0,323883579.0,Y,11.15,1791.05,0.54%,00,buy,buy,buy,15:14:03,96.96,19.23%,5.386,-0.25%,-0.71%,115.600,115.600,-1.05%,2388.79,Y,1,1,,-,,N,-,buy,-,27-02-28,134.83,14.95,8.05,27.1%,23.6%,"转债占流动市值比：27.1%
转债占总市值比：23.6%",0.00,002734,sz128144,有效期：-；质押代码：128144,128144；2021-09-06 开始转股,全价：115.600 最后更新：15:14:03
127022,恒逸转债,sz000703,恒逸石化,C,11.20,2021-07-06,2021-04-22,2026-10-15,2024-10-15,,,100.000,y,66.84,30,30,0,0.00,,,0.39,105.000,n,130.000,15,30,0,,X,20.000,19.998,AA+,AA+,无担保,,,,szmb,,,127022,127022,0.5432,080703,070703,,N,N,72.120,buy,R,,1.64,N,3666279480.0,3388194054.0,Y,11.73,26756.75,0.77%,00,buy,buy,buy,15:14:03,104.73,19.34%,5.014,-2.75%,-3.07%,124.990,124.990,0.72%,964.45,Y,0,0,,-,,N,-,buy,-,26-10-15,144.33,14.56,7.84,5.0%,4.7%,"转债占流动市值比：5.0%
转债占总市值比：4.7%",0.00,000703,sz127022,有效期：-；质押代码：127022,127022；2021-04-22 开始转股,全价：124.990 最后更新：15:14:03
123027,蓝晓转债,sz300487,蓝晓科技,C,29.02,2021-06-24,2019-12-17,2025-06-10,2023-06-12,,,100.000,y,28.58,30,30,0,0.00,,,59.45,113.000,n,130.000,15,30,30,,N,3.400,1.070,A+,A+,无担保,,,,szcy,2021年8月5日公告：本次（2021年6月18日至2021年7月29日）不行使提前赎回权利，至2021年10月29日前均不提前赎回,,123027,123027,1.6461,380487,370487,,N,N,71.900,buy,,,8.29,N,219784718.0,128223593.0,Y,71.09,16063.62,-0.36%,00,buy,buy,buy,15:14:03,244.97,19.81%,3.666,-22.23%,-22.85%,293.500,293.500,0.39%,18865.80,Y,0,0,G,-,,N,-,buy,-,25-06-10,313.31,37.73,20.31,1.2%,0.7%,"转债占流动市值比：1.2%
转债占总市值比：0.7%",0.00,300487,sz123027,有效期：-；质押代码：123027,123027；2019-12-17 开始转股,全价：293.500 最后更新：15:14:03
